@article{witjes2022spatiotemporal,
  title={A spatiotemporal ensemble machine learning framework for generating land use/land cover time-series maps for Europe (2000--2019) based on LUCAS, CORINE and GLAD Landsat},
  author={Witjes, Martijn and Parente, Leandro and van Diemen, Chris J and Hengl, Tomislav and Landa, Martin and Brodsk{\`y}, Luk{\'a}{\v{s}} and Halounova, Lena and Kri{\v{z}}an, Josip and Antoni{\'c}, Luka and Ilie, Codrina Maria and Craciunescu, Vasile and Kilibarda, Milan and Antonijevi{\'c}, Ognjen and Glu{\v{s}}ica, Luka},
  journal={PeerJ},
  volume={10},
  pages={e13573},
  doi={10.7717/peerj.13573},
  year={2022},
  publisher={PeerJ Inc.}
}


@inproceedings{SomeAuthor2019,
	author = {Author, First and Author, Second and Thesis, Author and Someone, Else},
	author+an = {3=highlight},
	booktitle = {Proceedings title},
	title = {{Awesome presentation}},
	year = {2019}
}
