% A

@article{abdollahpouri2019managing,
  title={Managing popularity bias in recommender systems with personalized re-ranking},
  author={Abdollahpouri, Himan and Burke, Robin and Mobasher, Bamshad},
  journal={arXiv preprint arXiv:1901.07555},
  year={2019}
}

@article{anderson2017a,
  author = {Anderson, K. and Ryan, B. and Sonntag, W. and Kavvada, A. and Friedl, L.},
  year = {2017},
  title = {{Earth observation in service of the 2030 Agenda for Sustainable Development}},
  volume = {20},
  pages = {77–96},
  doi = {10.1080/10095020.2017.1333230},
  journal = {Geo-spatial Information Science},
  number = {2}
}

@article{aune2021content,
  title={The content and accuracy of the CORINE Land Cover dataset for Norway},
  author={Aune-Lundberg, Linda and Strand, Geir-Harald},
  journal={International Journal of Applied Earth Observation and Geoinformation},
  volume={96},
  pages={102266},
  year={2021},
  publisher={Elsevier}
}

@article{alcaras2022normalized,
    AUTHOR = {Alcaras, Emanuele and Costantino, Domenica and Guastaferro, Francesca and Parente, Claudio and Pepe, Massimiliano},
    TITLE = {Normalized Burn Ratio Plus (NBR+): A New Index for Sentinel-2 Imagery},
    JOURNAL = {Remote Sensing},
    VOLUME = {14},
    YEAR = {2022},
    NUMBER = {7},
    ARTICLE-NUMBER = {1727},
    URL = {https://www.mdpi.com/2072-4292/14/7/1727},
    ISSN = {2072-4292},
    DOI = {10.3390/rs14071727}
}

@misc{angelopoulos2023predictionpowered,
  title = {Prediction-{{Powered Inference}}},
  author = {Angelopoulos, Anastasios N. and Bates, Stephen and Fannjiang, Clara and Jordan, Michael I. and Zrnic, Tijana},
  year = {2023},
  month = feb,
  number = {arXiv:2301.09633},
  eprint = {2301.09633},
  primaryclass = {cs, q-bio, stat},
  publisher = {{arXiv}},
  urldate = {2023-09-09},
  archiveprefix = {arxiv},
  langid = {english},
  keywords = {Computer Science - Artificial Intelligence,Computer Science - Machine Learning,Quantitative Biology - Quantitative Methods,Statistics - Machine Learning,Statistics - Methodology}
}
@book{arino2012global,
  title={{Global land cover map for 2009 (GlobCover 2009)}},
  author={Arino, Olivier and Ramos Perez, Jose Julio and Kalogirou, Vasileios and Bontemps, Sophie and Defourny, Pierre and {Van Bogaert}, Eric},
  year={2012},
  publisher={European Space Agency (ESA) \& Universit{\'e} catholique de Louvain (UCL)}
}

@article{avitabile2016carbon,
    title = {Carbon Emissions from Land Cover Change in {{Central Vietnam}}},
    author = {Avitabile, Valerio and Schultz, Michael and Herold, Nadine and {de Bruin}, Sytze and Pratihast, Arun Kumar and Manh, Cuong Pham and Quang, Hien Vu and Herold, Martin},
    year = {2016},
    month = nov,
    journal = {Carbon Management},
    volume = {7},
    number = {5-6},
    pages = {333--346},
    publisher = {{Taylor \& Francis}},
    issn = {1758-3004},
    doi = {10.1080/17583004.2016.1254009},
    urldate = {2023-08-21},
    keywords = {Aboveground biomass,carbon removals,deforestation,forest plots,forest regrowth,land cover change,REDD+,remote sensing,soil carbon,tropical forest}
}

@article{azcarate2005dineof,
	author = {Alvera Azcarate, Aïda and Barth, Alexander and Rixen, Michel and Beckers, Jean-Marie},
	TITLE = {Reconstruction of incomplete oceanographic data sets using empirical orthogonal functions: application to the Adriatic Sea surface temperature},
	LANGUAGE = {English},
	YEAR = {2005},
	DOI = {10.1016/j.ocemod.2004.08.001},
	PUBLISHER = {Elsevier Sci Ltd},
	JOURNAL = {Ocean Modelling},
	ISSN = {1463-5003},
	VOLUME = {9},
	NUMBER = {4},}

% B

@article{barrington2017world,
  title={The world’s user-generated road map is more than 80\% complete},
  author={Barrington-Leigh, Christopher and Millard-Ball, Adam},
  journal={PloS one},
  volume={12},
  number={8},
  pages={e0180698},
  year={2017},
  publisher={Public Library of Science San Francisco, CA USA}
}

@misc{barriere2023boosting,
      title={Boosting Crop Classification by Hierarchically Fusing Satellite, Rotational, and Contextual Data}, 
      author={Valentin Barriere and Martin Claverie and Maja Schneider and Guido Lemoine and Raphaël d'Andrimont},
      year={2023},
      eprint={2305.12011},
      archivePrefix={arXiv},
      primaryClass={cs.CV}
}

@article{fritz2012geo,
  title={Geo-Wiki: An online platform for improving global land cover},
  author={Fritz, Steffen and McCallum, Ian and Schill, Christian and Perger, Christoph and See, Linda and Schepaschenko, Dmitry and Van der Velde, Marijn and Kraxner, Florian and Obersteiner, Michael},
  journal={Environmental Modelling \& Software},
  volume={31},
  pages={110--123},
  year={2012},
  publisher={Elsevier}
}

@misc{beery2021can,
  title = {Can Poachers Find Animals from Public Camera Trap Images?},
  author = {Beery, Sara and Bondi, Elizabeth},
  year = {2021},
  month = jun,
  number = {arXiv:2106.11236},
  eprint = {2106.11236},
  primaryclass = {cs, q-bio},
  publisher = {arXiv},
  doi = {10.48550/arXiv.2106.11236},
  urldate = {2024-03-10},
  archiveprefix = {arxiv},
  keywords = {Computer Science - Artificial Intelligence,Computer Science - Computer Vision and Pattern Recognition,Quantitative Biology - Populations and Evolution}
}


@article{berger2022multi,
  title = {Multi-Sensor Spectral Synergies for Crop Stress Detection and Monitoring in the Optical Domain: {{A}} Review},
  author = {Berger, Katja and Machwitz, Miriam and Kycko, Marlena and Kefauver, Shawn C. and Van Wittenberghe, Shari and Gerhards, Max and Verrelst, Jochem and Atzberger, Clement and van {der Tol}, Christiaan and Damm, Alexander and Rascher, Uwe and Herrmann, Ittai and Paz, Veronica Sobejano and Fahrner, Sven and Pieruschka, Roland and Prikaziuk, Egor and Buchaillot, Ma. Luisa and Halabuk, Andrej and Celesti, Marco and Koren, Gerbrand and Gormus, Esra Tunc and Rossini, Micol and Foerster, Michael and Siegmann, Bastian and Abdelbaki, Asmaa and Tagliabue, Giulia and Hank, Tobias and Darvishzadeh, Roshanak and Aasen, Helge and Garcia, Monica and P{\^o}{\c c}as, Isabel and Bandopadhyay, Subhajit and Sulis, Mauro and Tomelleri, Enrico and Rozenstein, Offer and Filchev, Lachezar and Stancile, Gheorghe and Schlerf, Martin},
  year = {2022},
  journal = {Remote Sensing of Environment},
  volume = {280},
  pages = {113198},
  issn = {0034-4257},
  doi = {10.1016/j.rse.2022.113198},
  keywords = {Precision agriculture multi-modal solar-induced fluorescence satellite hyperspectral multispectral biotic and abiotic stress}
}

@article{berk2021fairness,
  title={Fairness in criminal justice risk assessments: The state of the art},
  author={Berk, Richard and Heidari, Hoda and Jabbari, Shahin and Kearns, Michael and Roth, Aaron},
  journal={Sociological Methods \& Research},
  volume={50},
  number={1},
  pages={3--44},
  year={2021},
  publisher={Sage Publications Sage CA: Los Angeles, CA}
}

@inproceedings{bhugra2022rapidai4eo,
  author={Bhugra, P. and Bischke, B. and Werner, C. and Syrnicki, R. and Packbier, C. and Helber, P. and Senaras, C. and Rana, A. S. and Davis, T. and De Keersmaecker, W. and Zanaga, D. and Wania, A. and Van de Kerchove, R. and Marchisio, G.},
  booktitle={IGARSS 2022 - 2022 IEEE International Geoscience and Remote Sensing Symposium}, 
  title={Rapidai4Eo: Mono-and Multi-Temporal Deep Learning Models for Updating the Corine land Cover Product}, 
  year={2022},
  volume={},
  number={},
  pages={2247-2250},
  keywords={Earth;Satellites;Time series analysis;Urban planning;Supervised learning;Feature extraction;Sensors;Land Use;Land Cover;Remote Sensing;Satellite imagery;Sentinel-2;Planet Fusion;RapidAI4EO;CNN;LSTM},
  doi={10.1109/IGARSS46834.2022.9883198}}


@article{bischl2016mlr,
  title={{mlr: Machine Learning in R}},
  author={Bischl, Bernd and Lang, Michel and Kotthoff, Lars and Schiffner, Julia and Richter, Jakob and Studerus, Erich and Casalicchio, Giuseppe and Jones, Zachary M},
  journal={The Journal of Machine Learning Research},
  volume={17},
  number={1},
  pages={5938--5942},
  year={2016},
  publisher={JMLR. org}
}

@article{bonannellatree,
  title={Forest tree species distribution for {E}urope 2000–2020: mapping potential and realized distributions using spatiotemporal machine learning},
  author = {Bonannella, Carmelo and Hengl, Tomislav and Heisig, Johannes and Parente, Leandro and Wright, Marvin N and Herold, Martin and de Bruin, Sytze},
  author+an = {1=highlight},
  year = {2022},
  journal = {PeerJ},
  doi = {https://doi.org/10.7717/peerj.13728}
}

@article{bonannella2022forest,
  author   = {Bonannella, Carmelo and Hengl, Tomislav and Heisig, Johannes and Parente, Leandro and Wright, Marvin N. and Herold, Martin and de Bruin, Sytze},
  title    = {{Forest tree species distribution for Europe 2000-2020: mapping potential and realized distributions using spatiotemporal Machine Learning}},
  journal  = {PeerJ},
  year     = {2022},
  volume   = {10},
  pages   = {e13728},
  doi      = {10.7717/peerj.13728},
}

@article{bonannella2023biomes,
  title={Biomes of the world under climate change scenarios: increasing aridity and higher temperatures lead to significant shifts in natural vegetation},
  author={Bonannella, Carmelo and Hengl, Tomislav and Parente, Leandro and de Bruin, Sytze},
  journal={PeerJ},
  volume={11},
  pages={e15593},
  year={2023},
  doi={https://doi.org/10.7717/peerj.15593}
}


@article{boogaard2023worldcereal,
  title={WorldCereal open global harmonized reference data repository (CC-BY licensed data sets)},
  author={Boogaard, Hendrik and Pratihast, Arun and Laso Bayas, Juan Carlos and Karanam, Santosh and Fritz, Steffen and Tricht, Kristof Van and Degerickx, Jeroen and Gilliams, Sven},
  year={2023},
  publisher={Zenodo}
}

@misc{parente2020input,
    title = {Input Dataset for Gap Filling and Land-Cover Mapping Using Eumap {{Library}} - 2000 to 2020},
    author = {Parente, Leandro and Hengl, Tomislav and Krizan, Josip and Landa, Martin and Brodsky, Lukas and Witjes, Martijn},
    author+an = {6=highlight},
    year = {2020},
    month = dec,
    publisher = {Zenodo},
    doi = {10.5281/zenodo.4311598}
    }
    
@misc{parente2021continental,
    title = {Continental {{Europe}} Land Cover Mapping at 30m Resolution Based {{CORINE}} and {{LUCAS}} on Samples},
    author = {Parente, Leandro and Witjes, Martijn and Hengl, Tomislav and Landa, Martin and Brodsky, Lukas},
    author+an = {2=highlight},
    year = {2021},
    month = may,
    publisher = {Zenodo},
    doi = {10.5281/zenodo.4725429}
    }

@article{fisher2005land,
  title={Land use and land cover: contradiction or complement},
  author={Fisher, Peter and Comber, Alexis J and Wadsworth, Richard},
  journal={Re-presenting GIS},
  volume={85},
  pages={98},
  year={2005},
  publisher={Wiley Chichester}
}

@misc{witjes2024iterative_data,
    title = {Iterative Mapping of Probabilities},
    author = {Witjes, Martijn and Herold, Martin and {de Bruin}, Sytze},
    author+an = {1=highlight},
    year = {2024},
    month = feb,
    doi = {10.5281/zenodo.10641340},
    publisher = {Zenodo}
    }





@misc{hengl2021continental,
  title = {Continental Europe Digital Terrain Model at 30 m Resolution Based on {{GEDI}}, {{ICESat-2}}, {{AW3D}}, {{GLO-30}}, {{EUDEM}}, {{MERIT DEM}} and Background Layers},
  author = {Hengl, Tomislav and Leal Parente, Leandro and Krizan, Josip and Bonannella, Carmelo},
  year = {2021},
  month = apr,
  publisher = {Zenodo},
  doi = {10.5281/zenodo.4724549}
}


@article{bengtsson2019grasslands,
  title={Grasslands—more important for ecosystem services than you might think},
  author={Bengtsson, J and Bullock, JM and Egoh, B and Everson, C and Everson, T and O'connor, T and O'farrell, Pj and Smith, HG and Lindborg, Regina},
  journal={Ecosphere},
  volume={10},
  number={2},
  pages={e02582},
  year={2019},
  publisher={Wiley Online Library}
}

@article{brown2022dynamic,
  title={Dynamic World, Near real-time global 10~m land use land cover mapping},
  author={Brown, Christopher F and Brumby, Steven P and Guzder-Williams, Brookie and Birch, Tanya and Hyde, Samantha Brooks and Mazzariello, Joseph and Czerwinski, Wanda and Pasquarella, Valerie J and Haertel, Robert and Ilyushchenko, Simon and Schwer, Kurt and Weisse, Mikaela and Stolle, Fred and Hanson, Craig and Guinan, Oliver and Moore, Rebecca and Tait, Alexander M.},
  journal={Scientific Data},
  volume={9},
  number={1},
  pages={1--17},
  doi={10.1038/s41597-022-01307-4},
  year={2022},
  publisher={Nature Publishing Group}
}

@article{benevides2021land,
    title={Land cover mapping at national scale with Sentinel-2 and LUCAS: a case study in Portugal},
    year={2021},
    author={Pedro Benevides and Nuno Silva and Hugo Costa and Hugo Costa and Francisco D. Moreira and Francisco Moreira and Daniel Moraes and Mauro Castelli and Ümüt Halik and Mário Caetano},
    doi={10.1117/12.2598789},pmid={null},pmcid={null},mag_id={3201290087},
    journal={Remote Sensing}
}

@article{batista2013procedure,
  title={A procedure to obtain a refined European land use/cover map},
  author={Batista e Silva, Filipe and Lavalle, Carlo and Koomen, Eric},
  journal={Journal of Land Use Science},
  volume={8},
  number={3},
  pages={255--283},
  year={2013},
  publisher={Taylor \& Francis}
}

@book{bossard2000,
  title={CORINE land cover technical guide: Addendum 2000},
  author={Bossard, M and Feranec, Jan and Otahel, J and others},
  volume={40},
  year={2000},
  publisher={European Environment Agency},
  address={Copenhagen},
}

@article{breiman2001random,
  title={Random forests},
  author={Breiman, Leo},
  journal={Machine learning},
  volume={45},
  number={1},
  pages={5--32},
  year={2001},
  publisher={Springer}
}

@article{buchhorn2020copernicus,
  title={{Copernicus global land cover layers -- Collection 2}},
  author={Buchhorn, Marcel and Lesiv, Myroslava and Tsendbazar, Nandin-Erdene and Herold, Martin and Bertels, Luc and Smets, Bruno},
  journal={Remote Sensing},
  volume={12},
  number={6},
  pages={1044},
  year={2020},
  publisher={Multidisciplinary Digital Publishing Institute}
}

@incollection{buttner2014corine,
  title={CORINE land cover and land cover change products},
  author={B{\"u}ttner, Gy{\"o}rgy},
  booktitle={Land use and land cover mapping in Europe},
  pages={55--74},
  year={2014},
  publisher={Springer}
}

@book{buck, 
  title={{Analysis of the LUCAS nomenclature and proposal for adaptation of the nomenclature in view of its use by the Copernicus land monitoring services}}, 
  author={Buck, O. and C. Haub and S. Woditsch and Lindemann, M.D. and L. Kleinwillingh{\"o}fer and G.W. Hazeu and B. Kosztra and S. Kleeschulte and S. Arnold and M. H{\"o}lzl}, 
  note={Technical Report, European Environment Agency and the European Environment Information and Observation Network}, 
  year = {2015}, 
  publisher = {EEA - European Environment Agency},
  address = {Copenhagen},
}

@article{buus2006snow,
  title={Snow-vegetation relations in a High Arctic ecosystem: Inter-annual variability inferred from new monitoring and modeling concepts},
  author={Buus-Hinkler, J{\o}rgen and Hansen, Birger U and Tamstorf, Mikkel P and Pedersen, Steen B},
  journal={Remote Sensing of Environment},
  volume={105},
  number={3},
  pages={237--247},
  year={2006},
  publisher={Elsevier}
}


@article{buyantuyev2007effects,
  title={Effects of thematic resolution on landscape pattern analysis},
  author={Buyantuyev, Alexander and Wu, Jianguo},
  journal={Landscape Ecology},
  volume={22},
  number={1},
  pages={7--13},
  year={2007},
  publisher={Springer}
}

@article{brus2012statistical,
    title = {Statistical mapping of tree species over {Europe}},
    volume = {131},
    issn = {1612-4669, 1612-4677},
    url = {http://link.springer.com/10.1007/s10342-011-0513-5},
    doi = {10.1007/s10342-011-0513-5},
    language = {en},
    number = {1},
    urldate = {2023-07-17},
    journal = {European Journal of Forest Research},
    author = {Brus, D. J. and Hengeveld, G. M. and Walvoort, D. J. J. and Goedhart, P. W. and Heidema, A. H. and Nabuurs, G. J. and Gunia, K.},
    month = jan,
    year = {2012},
    pages = {145--157},
    }

@article{bryn2018land,
    title = {Land Cover in {{Norway}} Based on an Area Frame Survey of Vegetation Types},
    author = {Bryn, Anders and Strand, Geir-Harald and Angeloff, Michael and Rekdal, Yngve},
    year = {2018},
    month = may,
    journal = {Norsk Geografisk Tidsskrift - Norwegian Journal of Geography},
    volume = {72},
    number = {3},
    pages = {131--145},
    publisher = {{Routledge}},
    issn = {0029-1951},
    doi = {10.1080/00291951.2018.1468356},
    urldate = {2023-08-24},
    keywords = {land cover statistics,spatial sampling,vegetation mapping,wetlands}
}

@article{banskota2014forest,
  title={Forest monitoring using Landsat time series data: A review},
  author={Banskota, Asim and Kayastha, Nilam and Falkowski, Michael J and Wulder, Michael A and Froese, Robert E and White, Joanne C},
  journal={Canadian Journal of Remote Sensing},
  volume={40},
  number={5},
  pages={362--384},
  year={2014},
  publisher={Taylor \& Francis}
}

@article{brinson2002temperate,
  title={Temperate freshwater wetlands: Types, status, and threats},
  author={Brinson, M.M. and Malvarez, A.I.},
  journal={Environ. Conserv.},
  volume={29},
  pages={115--133},
  year={2002},
  publisher={Cambridge University Press}
}

% C

@article{calderon2021high,
  title={High-resolution wall-to-wall land-cover mapping and land change assessment for Australia from 1985 to 2015},
  author={Calder{\'o}n-Loor, Marco and Hadjikakou, Michalis and Bryan, Brett A},
  journal={Remote Sensing of Environment},
  volume={252},
  pages={112148},
  year={2021},
  publisher={Elsevier}
}

@article{chatenoux2021swiss,
  title={{The Swiss data cube, analysis ready data archive using earth observations of Switzerland}},
  author={Chatenoux, Bruno and Richard, Jean-Philippe and Small, David and Roeoesli, Claudia and Wingate, Vladimir and Poussin, Charlotte and Rodila, Denisa and Peduzzi, Pascal and Steinmeier, Charlotte and Ginzler, Christian and Psomas, Achileas and Schaepman, Michael E. and Giuliani, Gregory},
  journal={Scientific data},
  volume={8},
  number={1},
  pages={1--11},
  year={2021},
  doi={10.1038/s41597-021-01076-6},
  publisher={Nature Publishing Group}
}

@article{camia2017a,
  author = {Camia, A. and Libert\'{a}, G. and San-Miguel-Ayanz, J.},
  year = {2017},
  title = {Modeling the impacts of climate change on forest fire danger in Europe},
  publisher = {Brussels},
  journal = {Joint Research Centre},
  address = {European Commission}
}

@article{claverie2018harmonized,
  title={The Harmonized Landsat and Sentinel-2 surface reflectance data set},
  author={Claverie, Martin and Ju, Junchang and Masek, Jeffrey G and Dungan, Jennifer L and Vermote, Eric F and Roger, Jean-Claude and Skakun, Sergii V and Justice, Christopher},
  journal={Remote sensing of environment},
  volume={219},
  pages={145--161},
  year={2018},
  publisher={Elsevier}
}

@article{cleveland1990stl,
  title={STL: A seasonal-trend decomposition},
  author={Cleveland, Robert B and Cleveland, William S and McRae, Jean E and Terpenning, Irma},
  journal={Journal of official statistics},
  volume={6},
  number={1},
  pages={3--73},
  year={1990}
}

@article{coetzee2020a,
  author = {Coetzee, S. and Ivánová, I. and Mitasova, H. and Brovelli, M.A.},
  year = {2020},
  title = {{Open Geospatial Software and Data: A Review of the Current State and A Perspective into the Future}},
  volume = {9},
  pages = {90},
  doi = {10.3390/ijgi9020090},
  journal = {ISPRS International Journal of Geo-Information},
  number = {2}
}

@article{cook-patton2020a,
  author = {Cook-Patton, S.C. and Leavitt, S.M. and Gibbs, D. and Harris, N.L. and Lister, K. and Anderson-Teixeira, K.J. and Griscom, B.W.},
  year = {2020},
  title = {Mapping carbon accumulation potential from global natural forest regrowth},
  volume = {585},
  pages = {545–550},
  doi = {10.1038/s41586-020-2686-x},
  language = {en},
  journal = {Nature},
  number = {7826}
}

@techreport{cbd2016indicators,
    title = {Indicators for the {{Strategic Plan}} for {{Biodiversity}} 2011-2020 and the {{Aichi Biodiversity Targets}}},
    author = {{Secretariat of the Convention on Biological Diversity}},
    year = {2016},
    langid = {english}
}

@article{cazzolla2022number,
  title		= {The number of tree species on Earth},
  author	= {Cazzolla Gatti, Roberto and Reich, Peter B and Gamarra,
		  Javier GP and Crowther, Tom and Hui, Cang and Morera,
		  Albert and Bastin, Jean-Francois and De-Miguel, Sergio and
		  Nabuurs, Gert-Jan and Svenning, Jens-Christian and others},
  journal	= {Proceedings of the National Academy of Sciences},
  volume	= {119},
  number	= {6},
  pages		= {e2115329119},
  year		= {2022},
  publisher	= {National Acad Sciences}
}

@article{chatenoux2021swiss,
  title={{The Swiss data cube, analysis ready data archive using earth observations of Switzerland}},
  author={Chatenoux, Bruno and Richard, Jean-Philippe and Small, David and Roeoesli, Claudia and Wingate, Vladimir and Poussin, Charlotte and Rodila, Denisa and Peduzzi, Pascal and Steinmeier, Charlotte and Ginzler, Christian and Psomas, Achileas and Schaepman, Michael E. and Giuliani, Gregory},
  journal={Scientific data},
  volume={8},
  number={1},
  pages={1--11},
  year={2021},
  doi={10.1038/s41597-021-01076-6},
  publisher={Nature Publishing Group}
}

@article{chawla2002smote,
  title={SMOTE: synthetic minority over-sampling technique},
  author={Chawla, Nitesh V and Bowyer, Kevin W and Hall, Lawrence O and Kegelmeyer, W Philip},
  journal={Journal of artificial intelligence research},
  volume={16},
  pages={321--357},
  year={2002}
}

@article{chen2015global,
  title={Global land cover mapping at 30~m resolution: A POK-based operational approach},
  author={Chen, Jun and Chen, Jin and Liao, Anping and Cao, Xin and Chen, Lijun and Chen, Xuehong and He, Chaoying and Han, Gang and Peng, Shu and Lu, Miao and others},
  journal={ISPRS Journal of Photogrammetry and Remote Sensing},
  volume={103},
  pages={7--27},
  year={2015},
  publisher={Elsevier}
}

@inproceedings{chen2016xgboost,
  title={Xgboost: A scalable tree boosting system},
  author={Chen, Tianqi and Guestrin, Carlos},
  booktitle={Proceedings of the 22nd acm sigkdd international conference on knowledge discovery and data mining},
  pages={785--794},
  year={2016}
}

@article{chen2018why,
  title={Why is my classifier discriminatory?},
  author={Chen, Irene and Johansson, Fredrik D and Sontag, David},
  journal={Advances in neural information processing systems},
  volume={31},
  year={2018}
}

@article{chen2022sustainability,
  title={Sustainability challenges for the social-environmental systems across the Asian Drylands Belt},
  author={Chen, Jiquan and John, Ranjeet and Yuan, Jing and Mack, Elizabeth A and Groisman, Pavel and Allington, Ginger and Wu, Jianguo and Fan, Peilei and De Beurs, Kirsten M and Karnieli, Arnon and others},
  journal={Environmental Research Letters},
  volume={17},
  number={2},
  pages={023001},
  year={2022},
  publisher={IOP Publishing}
}



@article{ceccherini2020abrupt,
    title={Abrupt increase in harvested forest area over Europe after 2015},
    author={Ceccherini, Guido and Duveiller, Gregory and Grassi, Giacomo and Lemoine, Guido and Avitabile, Valerio and Pilli, Roberto and Cescatti, Alessandro},
    journal={Nature},
    volume={583},
    number={7814},
    pages={72--77},
    year={2020},
    publisher={Nature Publishing Group}
}

@misc{copernicus2023hrl,
    title = {Copernicus Land Monitoring Service: Pan-European High Resolution Layers},
    author = {Copernicus Programme},
    year = {2023},
    url = {https://land.copernicus.eu/pan-european/high-resolution-layers}
}

@article{costanza1997value,
  title={The value of the world’s ecosystem services and natural capital},
  author={Costanza, R. and others},
  journal={World Environ.},
  volume={25},
  pages={3--15},
  year={1997},
  publisher={Elsevier}
}

@article{costanza2014changes,
  title={Changes in the global value of ecosystem services},
  author={Costanza, R. and others},
  journal={Global Environ. Chang.},
  volume={26},
  pages={152--158},
  year={2014},
  publisher={Elsevier}
}

% D

@article{dandrimont2021lucas,
  title={LUCAS Copernicus 2018: Earth-observation-relevant in situ data on land cover and use throughout the European Union},
  author={d'Andrimont, Rapha{\"e}l and Verhegghen, Astrid and Meroni, Michele and Lemoine, Guido and Strobl, Peter and Eiselt, Beatrice and Yordanov, Momchil and Martinez-Sanchez, Laura and {van der Velde}, Marijn},
  journal={Earth System Science Data},
  volume={13},
  number={3},
  pages={1119--1133},
  year={2021},
  publisher={Copernicus GmbH}
}

@article{dandrimont2020harmonised,
    title={Harmonised LUCAS in-situ land cover and use database for field surveys from 2006 to 2018 in the European Union},
    author={d’Andrimont, Rapha{\"e}l and Yordanov, Momchil and Martinez-Sanchez, Laura and Eiselt, Beatrice and Palmieri, Alessandra and Dominici, Paolo and Gallego, Javier and Reuter, Hannes Isaak and Joebges, Christian and Lemoine, Guido and others},
    journal={Scientific data},
    volume={7},
    number={1},
    pages={352},
    year={2020},
    publisher={Nature Publishing Group UK London}
}


@inproceedings{demirkaya2020exploring,
    title = {Exploring the {Role} of {Loss} {Functions} in {Multiclass} {Classification}},
    doi = {10.1109/CISS48834.2020.1570627167},
    booktitle = {2020 54th {Annual} {Conference} on {Information} {Sciences} and {Systems} ({CISS})},
    author = {Demirkaya, Ahmet and Chen, Jiasi and Oymak, Samet},
    month = mar,
    year = {2020},
    keywords = {Catalysts, Correlation, cross entropy, Deep learning, deep neural networks, Focusing, Mixture models, multiclass classification, Neural networks, over-parameterization, quadratic loss, Training},
    pages = {1--5},
}

@article{defazio2014saga,
  title={SAGA: A fast incremental gradient method with support for non-strongly convex composite objectives},
  author={Defazio, Aaron and Bach, Francis and Lacoste-Julien, Simon},
  journal={Advances in neural information processing systems},
  pages={1646--1654},
  year={2014}
}

@book{defourny2012land,
  title={Land cover CCI: Product User Guide Version 2.4},
  author={Defourny, Pierre and Kirches, G and Brockmann, C and Boettcher, M and Peters, M and Bontemps, S and Lamarche, C and Schlerf, M and Santoro, M},
  publisher={European Space Agency (ESA), UCL-Geomatics},
  volume={2},
  number={325},
  pages={10--1016},
  url={https://www.esa-landcover-cci.org/},
  year={2012}
}


@article{dressel2018accuracy,
  title={The accuracy, fairness, and limits of predicting recidivism},
  author={Dressel, Julia and Farid, Hany},
  journal={Science advances},
  volume={4},
  number={1},
  pages={eaao5580},
  year={2018},
  publisher={American Association for the Advancement of Science}
}

@article{duarte2023thematic, 
    title={Thematic Comparison between ESA WorldCover 2020 Land Cover Product and a National Land Use Land Cover Map}, 
    volume={12}, 
    ISSN={2073-445X}, 
    url={http://dx.doi.org/10.3390/land12020490}, 
    DOI={10.3390/land12020490}, 
    number={2}, 
    journal={Land}, 
    publisher={MDPI AG}, 
    author={Duarte, Diogo and Fonte, Cidália and Costa, Hugo and Caetano, Mário}, 
    year={2023}, 
    month={Feb}, 
    pages={490} 
}

@article{douzas2019imbalanced,
    title = {Imbalanced {Learning} in {Land} {Cover} {Classification}: {Improving} {Minority} {Classes}’ {Prediction} {Accuracy} {Using} the {Geometric} {SMOTE} {Algorithm}},
    volume = {11},
    copyright = {http://creativecommons.org/licenses/by/3.0/},
    issn = {2072-4292},
    shorttitle = {Imbalanced {Learning} in {Land} {Cover} {Classification}},
    url = {https://www.mdpi.com/2072-4292/11/24/3040},
    doi = {10.3390/rs11243040},
    language = {en},
    number = {24},
    urldate = {2023-07-17},
    journal = {Remote Sensing},
    author = {Douzas, Georgios and Bacao, Fernando and Fonseca, Joao and Khudinyan, Manvel},
    month = jan,
    year = {2019},
    note = {Number: 24 Publisher: Multidisciplinary Digital Publishing Institute},
    keywords = {class imbalance, Geometric-SMOTE, imbalanced learning, LULC classification, oversampling},
    pages = {3040},
}

@article{davidson2014much,
  title={How much wetland has the world lost? Long-term and recent trends in global wetland area},
  author={Davidson, N.C.},
  journal={Mar. Freshw. Res.},
  volume={65},
  pages={936--941},
  year={2014},
  publisher={CSIRO}
}

@book{dugan1993wetlands,
  title={Wetlands in Danger—A World Conservation Atlas},
  author={Dugan, P.},
  year={1993},
  publisher ={Oxford University Press},
  address={New York, NY, USA}
}

% E

@article{esch2014differentiation,
  title={Differentiation of crop types and grassland by multi-scale analysis of seasonal satellite data},
  author={Esch, Thomas and Metz, Annekatrin and Marconcini, Mattia and Keil, Manfred},
  journal={Land Use and Land Cover Mapping in Europe: Practices \& Trends},
  pages={329--339},
  year={2014},
  publisher={Springer}
}

@article{elor2022smote,
  title={To SMOTE, or not to SMOTE?},
  author={Elor, Yotam and Averbuch-Elor, Hadar},
  journal={arXiv preprint arXiv:2201.08528},
  year={2022}
}

@misc{esa2023cci,
  author       = {European Space Agency Climate Change Initiative},
  title        = {ESA CCI Land Cover Maps},
  year         = {2023},
  url          = {http://www.esa-landcover-cci.org},
  note         = {Accessed: date-of-access}
}


@electronic{eu2018imperviousness,
    author= {European Environment Agency},
    year={2018},
    title={Copernicus High Resolution Land Monitoring}}

@misc{eurostat_lucas,
  title = {{Land Use/Cover Area frame Survey (LUCAS) -- Eurostat Database}},
  howpublished = {\url{https://ec.europa.eu/eurostat/web/lucas/database}},
  note = {Accessed: 2024-01-05},
  author = {{European Commission, Eurostat}},
  year = {2024}
}

@misc{eurostat2021land,
  title={Land cover statistics},
  author={{Eurostat}},
  year={2021},
  howpublished={\url{https://ec.europa.eu/eurostat/statistics-explained/index.php/Land_cover_statistics}},
  note={Accessed on 22 Feb 2024}
}

@misc{eurostat2023agricultural,
  title={Agricultural production - crops},
  author={{Eurostat}},
  year={2023},
  howpublished={\url{https://ec.europa.eu/eurostat/statistics-explained/index.php/Agricultural_production_-_crops}},
  note={Accessed on 22 Feb 2024}
}


% F

@article{falcucci2007changes,
  title={Changes in land-use/land-cover patterns in Italy and their implications for biodiversity conservation},
  author={Falcucci, Alessandra and Maiorano, Luigi and Boitani, Luigi},
  journal={Landscape ecology},
  volume={22},
  number={4},
  pages={617--631},
  year={2007},
  publisher={Springer}
}

@article{fan2021function,
  title={Function of restored wetlands for waterbird conservation in the Yellow Sea coast},
  author={Fan, Jun and Wang, Xiaodan and Wu, Wei and Chen, Weipin and Ma, Qiang and Ma, Zhijun},
  journal={Science of the Total Environment},
  volume={756},
  pages={144061},
  year={2021},
  publisher={Elsevier}
}

@inproceedings{fang2021analysis,
  author={Yuan, Fang and Lewis, Adam and Leith, Alex and Dhar, Tishampati and Gavin, David},
  booktitle={2021 IEEE International Geoscience and Remote Sensing Symposium IGARSS}, 
  title={Analysis Ready Data for Africa}, 
  year={2021},
  volume={},
  number={},
  pages={1789-1791},
  doi={10.1109/IGARSS47720.2021.9554019}
}

@article{feranec2010determining,
  title={Determining changes and flows in European landscapes 1990--2000 using CORINE land cover data},
  author={Feranec, Jan and Jaffrain, Gabriel and Soukup, Tomas and Hazeu, Gerard},
  journal={Applied geography},
  volume={30},
  number={1},
  pages={19--35},
  year={2010},
  publisher={Elsevier}
}

@book{feranec2016european,
  title={{European landscape dynamics: CORINE land cover data}},
  author={Feranec, Jan and Soukup, Tomas and Hazeu, Gerard and Jaffrain, Gabriel},
  year={2016},
  isbn={9781482244687},
  publisher={CRC Press}
}

@article{ferchichi2022forecasting,
  title={Forecasting vegetation indices from spatio-temporal remotely sensed data using deep learning-based approaches: A systematic literature review},
  author={Ferchichi, Aya and Abbes, Ali Ben and Barra, Vincent and Farah, Imed Riadh},
  journal={Ecological Informatics},
  volume={68},
  pages={101552},
  year={2022},
  publisher={Elsevier}
}

@book{finegold2016map,
    address = {Rome, Italy},
    series = {National {Forest} {Monitoring} and {Assessment} {Working} {Paper}},
    title = {Map {Accuracy} {Assessment} and {Area} {Estimation}: {A} {Practical} {Guide}},
    url = {https://www.fao.org/documents/card/en/c/e5ea45b8-3fd7-4692-ba29-fae7b140d07e},
    language = {en},
    number = {46},
    urldate = {2023-03-16},
    publisher = {FAO},
    author = {Finegold, Antonia, Yelena and Ortmann, Antonia},
    year = {2016},
    file = {Snapshot:/home/martijn/snap/zotero-snap/common/Zotero/storage/HY5DV52Y/e5ea45b8-3fd7-.html:text/html},
}

@misc{francis2024major,
  title = {Major {{TOM}}: {{Expandable Datasets}} for {{Earth Observation}}},
  shorttitle = {Major {{TOM}}},
  author = {Francis, Alistair and Czerkawski, Mikolaj},
  year = {2024},
  month = feb,
  number = {arXiv:2402.12095},
  eprint = {2402.12095},
  primaryclass = {cs},
  publisher = {arXiv},
  urldate = {2024-03-08},
  archiveprefix = {arxiv},
  langid = {english},
  keywords = {Computer Science - Computer Vision and Pattern Recognition,Computer Science - Databases}
}









@article{bastin2019global,
    
    author = {Jean-Francois Bastin  and Yelena Finegold  and Claude Garcia  and Danilo Mollicone  and Marcelo Rezende  and Devin Routh  and Constantin M. Zohner  and Thomas W. Crowther },
    title = {The global tree restoration potential},
    journal = {Science},
    volume = {365},
    number = {6448},
    pages = {76-79},
    year = {2019},
    doi = {10.1126/science.aax0848},
    URL = {https://www.science.org/doi/abs/10.1126/science.aax0848},
    eprint = {https://www.science.org/doi/pdf/10.1126/science.aax0848},
    abstract = {The restoration of forested land at a global scale could help capture atmospheric carbon and mitigate climate change. Bastin et al. used direct measurements of forest cover to generate a model of forest restoration potential across the globe (see the Perspective by Chazdon and Brancalion). Their spatially explicit maps show how much additional tree cover could exist outside of existing forests and agricultural and urban land. Ecosystems could support an additional 0.9 billion hectares of continuous forest. This would represent a greater than 25\% increase in forested area, including more than 200 gigatonnes of additional carbon at maturity.Such a change has the potential to store an equivalent of 25\% of the current atmospheric carbon pool. Science, this issue p. 76; see also p. 24 There is room on the planet for an extra 0.9 billion hectares of tree cover, supporting 517 billion trees and storing 205 Gt of carbon. The restoration of trees remains among the most effective strategies for climate change mitigation. We mapped the global potential tree coverage to show that 4.4 billion hectares of canopy cover could exist under the current climate. Excluding existing trees and agricultural and urban areas, we found that there is room for an extra 0.9 billion hectares of canopy cover, which could store 205 gigatonnes of carbon in areas that would naturally support woodlands and forests. This highlights global tree restoration as one of the most effective carbon drawdown solutions to date. However, climate change will alter this potential tree coverage. We estimate that if we cannot deviate from the current trajectory, the global potential canopy cover may shrink by ~223 million hectares by 2050, with the vast majority of losses occurring in the tropics. Our results highlight the opportunity of climate change mitigation through global tree restoration but also the urgent need for action.}}


@article{frantz2019force,
  title={{FORCE—Landsat+ Sentinel-2 analysis ready data and beyond}},
  author={Frantz, David},
  journal={Remote Sensing},
  volume={11},
  number={9},
  pages={1124},
  doi={10.3390/rs11091124},
  year={2019},
  publisher={MDPI}
}

@book{fuessel2012a,
  author = {F\"{u}ssel, H.M. and Jol, A. and Marx, A. and Hild\'{e}n, M. and Aparicio, A. and Bastrup-Birk, A. and Gisle, L.},
  year = {2012},
  title = {Climate change, impacts and vulnerability in Europe 2012. An indicator-based report},
  publisher = {Publications Office of the European Union},
  language = {en},
  address = {Luxembourg}
}

@article{foody2006training,
    title = {Training Set Size Requirements for the Classification of a Specific Class},
    author = {Foody, Giles M. and Mathur, Ajay and {Sanchez-Hernandez}, Carolina and Boyd, Doreen S.},
    year = {2006},
    month = sep,
    journal = {Remote Sensing of Environment},
    volume = {104},
    number = {1},
    pages = {1--14},
    doi = {10.1016/j.rse.2006.03.004},
    keywords = {Classsification,Support vector data description (SVDD),Support vector machine (SVM),Training set},
    annotation = {MAG ID: 2087556827}
}

@article{foody2013ground,
    title = {Ground reference data error and the mis-estimation of the area of land cover change as a function of its abundance},
    volume = {4},
    issn = {2150-704X},
    url = {https://doi.org/10.1080/2150704X.2013.798708},
    doi = {10.1080/2150704X.2013.798708},
    number = {8},
    urldate = {2023-03-16},
    journal = {Remote Sensing Letters},
    author = {Foody, Giles M.},
    month = aug,
    year = {2013},
    note = {Publisher: Taylor \& Francis \_eprint: https://doi.org/10.1080/2150704X.2013.798708},
    pages = {783--792},
}



@Book{fao2022,
  title		= {The {S}tate of the {W}orld’s {F}orests 2022. Forest
		  pathways for green recovery and building inclusive,
		  resilient and sustainable economies},
  author	= {{FAO}},
  year		= {2022},
  publisher	= {Rome, FAO}
}

@article{finlayson2012forty,
  title={Forty years of wetland conservation and wise use},
  author={Finlayson, C.M.},
  journal={Aquat. Conserv. Mar. Freshw. Ecosyst.},
  volume={22},
  pages={139--143},
  year={2012},
  publisher={Wiley}
}

@article{fisher2005land,
  title={Land use and land cover: contradiction or complement},
  author={Fisher, Peter and Comber, Alexis J and Wadsworth, Richard},
  journal={Re-presenting GIS},
  volume={85},
  pages={98},
  year={2005},
  publisher={Wiley Chichester}
}

% G

@article{gallego2004remote,
    title = {Remote sensing and land cover area estimation},
    volume = {25},
    issn = {0143-1161, 1366-5901},
    url = {https://www.tandfonline.com/doi/full/10.1080/01431160310001619607},
    doi = {10.1080/01431160310001619607},
    language = {en},
    number = {15},
    urldate = {2023-03-20},
    journal = {International Journal of Remote Sensing},
    author = {Gallego, F. J.},
    month = aug,
    year = {2004},
    pages = {3019--3047},
}

@article{gallego2008using,
  title={Using CORINE land cover and the point survey LUCAS for area estimation},
  author={Gallego, Javier and Bamps, Catharina},
  journal={International Journal of Applied Earth Observation and Geoinformation},
  volume={10},
  number={4},
  pages={467--475},
  year={2008},
  publisher={Elsevier}
}

@article{gallego2010european,
    title={The European land use and cover area-frame statistical survey},
    author={Gallego, Javier and Delinc{\'e}, Jacques},
    journal={Agricultural survey methods},
    pages={149--168},
    year={2010},
    publisher={Wiley Online Library}
}

@book{gallego2017copernicus,
    address = {LU},
    title = {Copernicus land services to improve {EU} statistics},
    isbn = {978-92-79-77338-9},
    url = {https://data.europa.eu/doi/10.2760/979063},
    language = {eng},
    urldate = {2023-03-16},
    publisher = {Publications Office of the European Union},
    author = {Gallego, J"},
    year = {2017},
}

@incollection{garcia2022global,
  title={Global General Land Use Cover Datasets with a Time Series of Maps},
  author={Garc{\'\i}a-{\'A}lvarez, David and Lara Hinojosa, Javier and Jurado P{\'e}rez, Francisco Jos{\'e} and Quintero Villaraso, Jaime},
  booktitle={Land Use Cover Datasets and Validation Tools: Validation Practices with QGIS},
  pages={287--311},
  year={2022},
  doi={10.1007/978-3-030-90998-7_15},
  publisher={Springer International Publishing Cham}
}

@article{gao1996ndwi,
  title={NDWI—A normalized difference water index for remote sensing of vegetation liquid water from space},
  author={Gao, Bo-Cai},
  journal={Remote sensing of environment},
  volume={58},
  number={3},
  pages={257--266},
  year={1996},
  publisher={Elsevier}
}

@article{gao2020consistency,
  title={Consistency analysis and accuracy assessment of three global 30-m land-cover products over the European Union using the LUCAS dataset},
  author={Gao, Yuan and Liu, Liangyun and Zhang, Xiao and Chen, Xidong and Mi, Jun and Xie, Shuai},
  journal={Remote Sensing},
  volume={12},
  number={21},
  pages={3479},
  year={2020},
  publisher={MDPI}
}

@article{garcia1991mapping,
  title={Mapping burns and natural reforestation using Thematic Mapper data},
  author={Garc{\'\i}a, MJ L{\'o}pez and Caselles, V},
  journal={Geocarto International},
  volume={6},
  number={1},
  pages={31--37},
  year={1991},
  publisher={Taylor \& Francis}
}

@article{garcia2022catlc,
  title = {{{CatLC}}: {{Catalonia Multiresolution Land Cover Dataset}}},
  shorttitle = {{{CatLC}}},
  author = {Garc{\'i}a, Carlos and Mora, Oscar and {P{\'e}rez-Arag{\"u}{\'e}s}, Fernando and Vitri{\`a}, Jordi},
  year = {2022},
  month = sep,
  journal = {Scientific Data},
  volume = {9},
  number = {1},
  pages = {554},
  publisher = {Nature Publishing Group},
  issn = {2052-4463},
  doi = {10.1038/s41597-022-01674-y},
  urldate = {2024-03-16},
  copyright = {2022 The Author(s)},
  langid = {english},
  keywords = {Environmental impact,Natural hazards}
}

@article{geifman2017selective,
  title={Selective classification for deep neural networks},
  author={Geifman, Yonatan and El-Yaniv, Ran},
  journal={Advances in neural information processing systems},
  volume={30},
  year={2017}
}

@article{giuliani2017building,
  title={{Building an earth observations data cube: lessons learned from the Swiss data cube (SDC) on generating analysis ready data (ARD)}},
  author={Giuliani, Gregory and Chatenoux, Bruno and De Bono, Andrea and Rodila, Denisa and Richard, Jean-Philippe and Allenbach, Karin and Dao, Hy and Peduzzi, Pascal},
  journal={Big Earth Data},
  volume={1},
  number={1-2},
  pages={100--117},
  doi={10.1080/20964471.2017.1398903},
  year={2017},
  publisher={Taylor \& Francis}
}

@article{giuliani2020data,
  title={{Data Cube on Demand (DCoD): Generating an earth observation Data Cube anywhere in the world}},
  author={Giuliani, Gregory and Chatenoux, Bruno and Piller, Thomas and Moser, Fr{\'e}d{\'e}ric and Lacroix, Pierre},
  journal={International Journal of Applied Earth Observation and Geoinformation},
  volume={87},
  pages={102035},
  year={2020},
  doi={10.1016/j.jag.2019.102035},
  publisher={Elsevier}
}

@article{ghorbani2020comparing,
    title = {Comparing {Different} {Resampling} {Methods} in {Predicting} {Students}’ {Performance} {Using} {Machine} {Learning} {Techniques}},
    volume = {8},
    issn = {2169-3536},
    doi = {10.1109/ACCESS.2020.2986809},
    journal = {IEEE Access},
    author = {Ghorbani, Ramin and Ghousi, Rouzbeh},
    year = {2020},
    note = {Conference Name: IEEE Access},
    keywords = {Artificial neural networks, Classification, data mining, Data mining, Data models, Decision trees, educational data mining, imbalanced data problem, Logistics, machine learning, Machine learning, Predictive models, resampling methods, statistical analysis},
    pages = {67899--67911},
}

@misc{gardner2015state,
  title={State of the World’s Wetlands and Their Services to People: A Compilation of Recent Analyses},
  author={Gardner, R.C. and others},
  year={2015},
  howpublished={Social Science Electronic Publishing},
  address={Gland, Switzerland}
}

@misc{gardner2018global,
  title={Global Wetland Outlook: State of the World’s Wetlands and Their Services to People},
  author={Gardner, R. and Finlayson, M.},
  year={2018},
  howpublished={Ramsar Convention},
  address={Gland, Switzerland}
}

@book{giblett1996postmodern,
  title={Postmodern Wetlands: Culture, History, Ecology},
  author={Giblett, R.},
  year={1996},
  publisher={Edinburgh University Press},
  address={Edinburgh, UK}
}

@article{guanter2015enmap,
  title={The EnMAP spaceborne imaging spectroscopy mission for earth observation},
  author={Guanter, Luis and Kaufmann, Hermann and Segl, Karl and Foerster, Saskia and Rogass, Christian and Chabrillat, Sabine and Kuester, Theres and Hollstein, Andr{\'e} and Rossner, Godela and Chlebek, Christian and others},
  journal={Remote Sensing},
  volume={7},
  number={7},
  pages={8830--8857},
  year={2015},
  publisher={MDPI}
}

% H

@article{hansen2013high,
  title={High-resolution global maps of 21st-century forest cover change},
  author={Hansen, Matthew C and Potapov, Peter V and Moore, Rebecca and Hancher, Matt and Turubanova, Svetlana A and Tyukavina, Alexandra and Thau, David and Stehman, SV and Goetz, Scott J and Loveland, Thomas R and others},
  journal={Science},
  volume={342},
  number={6160},
  pages={850--853},
  year={2013},
  publisher={American Association for the Advancement of Science}
}

@article{hansen2008comparing,
  title={Comparing annual MODIS and PRODES forest cover change data for advancing monitoring of Brazilian forest cover},
  author={Hansen, Matthew C and Shimabukuro, Yosio E and Potapov, Peter and Pittman, Kyle},
  journal={Remote Sensing of Environment},
  volume={112},
  number={10},
  pages={3784--3793},
  year={2008},
  publisher={Elsevier}
}
@article{harper202229,
  title={A 29-year time series of annual 300-metre resolution plant functional type maps for climate models},
  author={Harper, Kandice L and Lamarche, C{\'e}line and Hartley, Andrew and Peylin, Philippe and Ottl{\'e}, Catherine and Bastrikov, Vladislav and San Mart{\'\i}n, Rodrigo and Bohnenstengel, Sylvia I and Kirches, Grit and Boettcher, Martin and others},
  journal={Earth System Science Data Discussions},
  volume={2022},
  pages={1--37},
  year={2022},
  publisher={G{\"o}ttingen, Germany}
}

@article{hancock2020catboost,
    title={CatBoost for big data: an interdisciplinary review},
    author={Hancock, John T and Khoshgoftaar, Taghi M},
    journal={Journal of big data},
    volume={7},
    number={1},
    pages={1--45},
    year={2020},
    publisher={SpringerOpen}
}

@article{hansen2013high,
  title={High-resolution global maps of 21st-century forest cover change},
  author={Hansen, Matthew C and Potapov, Peter V and Moore, Rebecca and Hancher, Matt and Turubanova, Svetlana A and Tyukavina, Alexandra and Thau, David and Stehman, Stephen V and Goetz, Scott J and Loveland, Thomas R and others},
  journal={science},
  volume={342},
  number={6160},
  pages={850--853},
  year={2013},
  publisher={American Association for the Advancement of Science}
}

@article{hansen2022global,
  title={Global land use extent and dispersion within natural land cover using Landsat data},
  author={Matthew C Hansen and Peter V Potapov and Amy H Pickens and Alexandra Tyukavina and Andres Hernandez-Serna and Viviana Zalles and Svetlana Turubanova and Indrani Kommareddy and Steve V Stehman and Xiao-Peng Song and Anil Kommareddy},
  journal={Environmental Research Letters},
  volume={17},
  number={3},
  pages={034050},
  year={2022},
  publisher={IOP Publishing}
}

@article{he2009learning,
    title = {Learning from {Imbalanced} {Data}},
    volume = {21},
    issn = {1558-2191},
    doi = {10.1109/TKDE.2008.239},
    number = {9},
    journal = {IEEE Transactions on Knowledge and Data Engineering},
    author = {He, Haibo and Garcia, Edwardo A.},
    month = sep,
    year = {2009},
    keywords = {active learning, assessment metrics., Availability, classification, cost-sensitive learning, Data analysis, Data engineering, Data security, Decision making, Finance, Imbalanced learning, IP networks, kernel-based learning, Knowledge representation, Large-scale systems, sampling methods, Surveillance},
    PAges = {1263--1284}
}

@article{hengl2003Soil,
    title = {Soil sampling strategies for spatial prediction by correlation with auxiliary maps},
    volume = {41},
    issn = {1838-6768},
    url = {https://www.publish.csiro.au/sr/sr03005},
    doi = {10.1071/sr03005},
    language = {en},
    number = {8},
    urldate = {2023-08-22},
    journal = {Soil Research},
    publisher = {CSIRO Publishing},
    author = {Hengl, Tomislav and Rossiter, David G. and Stein, Alfred},
    year = {2003},
    Pages = {1403--1422},
}

@article{hengl2017soilgrids250m,
  title={SoilGrids250m: Global gridded soil information based on machine learning},
  author={Hengl, Tomislav and Mendes de Jesus, Jorge and Heuvelink, Gerard BM and Ruiperez Gonzalez, Maria and Kilibarda, Milan and Blagoti{\'c}, Aleksandar and Shangguan, Wei and Wright, Marvin N and Geng, Xiaoyuan and Bauer-Marschallinger, Bernhard and others},
  journal={PLoS one},
  volume={12},
  number={2},
  pages={e0169748},
  year={2017},
  publisher={Public Library of Science San Francisco, CA USA}
}

@book{hengl2020continental,
  author       = {Hengl, Tomislav and
                  Leal Parente, Leandro and
                  Krizan, Josip and
                  Bonannella, Carmelo},
  title        = {{Continental Europe Digital Terrain Model at 30 m 
                   resolution based on GEDI, ICESat-2, AW3D, GLO-30,
                   EUDEM, MERIT DEM and background layers}},
  month        = sep,
  year         = 2020,
  publisher    = {Zenodo},
  version      = {v0.3},
  doi          = {10.5281/zenodo.4724549},
  url          = {https://doi.org/10.5281/zenodo.4724549}
}

@article{herold2008challenges,
    series = {Earth {Observations} for {Terrestrial} {Biodiversity} and {Ecosystems} {Special} {Issue}},
    title = {Some challenges in global land cover mapping: {An} assessment of agreement and accuracy in existing 1 km datasets},
    volume = {112},
    issn = {0034-4257},
    shorttitle = {Some challenges in global land cover mapping},
    url = {https://www.sciencedirect.com/science/article/pii/S0034425707004804},
    doi = {10.1016/j.rse.2007.11.013},
    number = {5},
    urldate = {2023-08-21},
    journal = {Remote Sensing of Environment},
    author = {Herold, M. and Mayaux, P. and Woodcock, C. E. and Baccini, A. and Schmullius, C.},
    month = may,
    year = {2008},
    keywords = {Global land cover, Harmonization, LCCS, Validation},
    pages = {2538--2556}
}

@article{herold2016toward,
    title = {Towards an {Integrated} {Global} {Land} {Cover} {Monitoring} and {Mapping} {System}},
    volume = {8},
    copyright = {http://creativecommons.org/licenses/by/3.0/},
    issn = {2072-4292},
    url = {https://www.mdpi.com/2072-4292/8/12/1036},
    doi = {10.3390/rs8121036},
    language = {en},
    number = {12},
    urldate = {2023-08-21},
    journal = {Remote Sensing},
    author = {Herold, Martin and See, Linda and Tsendbazar, Nandin-Erdene and Fritz, Steffen},
    month = dec,
    year = {2016},
    publisher = {Multidisciplinary Digital Publishing Institute}    ,
    keywords = {data fusion, global land cover mapping, land cover, land use, map inter-comparison, validation},
    pages = {1036},
}

@article{horvath2019distribution,
    title = {Distribution Modelling of Vegetation Types Based on Area Frame Survey Data},
    author = {Horvath, Peter and Halvorsen, Rune and Stordal, Frode and Tallaksen, Lena Merete and Tang, Hui and Bryn, Anders},
    year = {2019},
    journal = {Applied Vegetation Science},
    volume = {22},
    number = {4},
    pages = {547--560},
    issn = {1654-109X},
    doi = {10.1111/avsc.12451},
    urldate = {2023-08-24},
    copyright = {\textcopyright{} 2019 The Authors. Applied Vegetation Science published by John Wiley \& Sons Ltd on behalf of International Association for Vegetation Science},
    langid = {english},
    keywords = {ecological response model,environmental layers,GIS,independent evaluation,land cover,logistic regression,Norway,presence/absence data,vegetation mapping}
}

@article{horvath2021comparison,
    title = {A comparison of three ways to assemble wall-to-wall maps from distribution models of vegetation types},
    volume = {58},
    issn = {1548-1603},
    url = {https://doi.org/10.1080/15481603.2021.1996313},
    doi = {10.1080/15481603.2021.1996313},
    number = {8},
    urldate = {2023-07-17},
    journal = {GIScience \& Remote Sensing},
    author = {Horvath, Peter and Halvorsen, Rune and Simensen, Trond and Bryn, Anders},
    month = nov,
    year = {2021},
    note = {Publisher: Taylor \& Francis
    \_eprint: https://doi.org/10.1080/15481603.2021.1996313},
    keywords = {Area frame survey, assembly strategies, distribution modeling, spatial probabilities, vegetation mapping, vegetation types},
    pages = {1458--1476},
}

@article{hosseiny2022urban,
  title={Urban land use and land cover classification with interpretable machine learning--A case study using Sentinel-2 and auxiliary data},
  author={Hosseiny, Benyamin and Abdi, Abdulhakim M and Jamali, Sadegh},
  journal={Remote Sensing Applications: Society and Environment},
  volume={28},
  pages={100843},
  year={2022},
  publisher={Elsevier}
}

@article{hurtt2011harmonization,
  title={Harmonization of land-use scenarios for the period 1500--2100: 600 years of global gridded annual land-use transitions, wood harvest, and resulting secondary lands},
  author={Hurtt, George C and Chini, Louise Parsons and Frolking, Steve and Betts, RA and Feddema, Johannes and Fischer, G and Fisk, JP and Hibbard, K and Houghton, RA and Janetos, A and others},
  journal={Climatic change},
  volume={109},
  number={1-2},
  pages={117},
  year={2011},
  publisher={Springer}
}

@article{hurskainen2019auxiliary,
  title={Auxiliary datasets improve accuracy of object-based land use/land cover classification in heterogeneous savanna landscapes},
  author={Hurskainen, Pekka and Adhikari, Hari and Siljander, Mika and Pellikka, PKE and Hemp, Andreas},
  journal={Remote sensing of environment},
  volume={233},
  pages={111354},
  year={2019},
  publisher={Elsevier}
}

@article{huete1988soil,
    title = {A soil-adjusted vegetation index (SAVI)},
    journal = {Remote Sensing of Environment},
    volume = {25},
    number = {3},
    pages = {295-309},
    year = {1988},
    issn = {0034-4257},
    doi = {https://doi.org/10.1016/0034-4257(88)90106-X},
    url = {https://www.sciencedirect.com/science/article/pii/003442578890106X},
    author = {A.R Huete}
}

@article{hu2017global,
  title={Global wetlands: Potential distribution, wetland loss, and status},
  author={Hu, S.J. and Niu, Z.G. and Chen, Y.F. and Li, L.F. and Zhang, H.Y.},
  journal={Sci. Total Environ.},
  volume={586},
  pages={319--327},
  year={2017},
  publisher={Elsevier}
}

% I

@article{ipcc2021,
  author	= {IPCC},
  journal	= {Cambridge University Press},
  number	= {In Press},
  title		= {{Climate Change 2021: The Physical Science Basis.
		  Contribution of Working Group I to the Sixth Assessment
		  Report of the Intergovernmental Panel on Climate Change
		  [Masson-Delmotte, V., P. Zhai, A. Pirani, S. L. Connors, C.
		  P{\'{e}}an, S. Berger, N. Caud, Y. Chen,}},
  year		= {2021}
}

% J

@article{janssen1992knowledge,
  title={Knowledge-based crop classification of a Landsat Thematic Mapper image},
  author={Janssen, Lucas LF and Middelkoop, H},
  journal={International Journal of Remote Sensing},
  volume={13},
  number={15},
  pages={2827--2837},
  year={1992},
  publisher={Taylor \& Francis}
}

@misc{jenerowicz2021validation,
 author={Ma{\l}gorzata {Jenerowicz} and Elke {Kr\"{a}tzschmar} and Peter {Schauer} and Ewa {Gromny} and Radek {Malinowski} and Micha{\l} {Krupi\'{n}ski} and Stanis{\l}aw {Lewi\'{n}ski} and Marcin {Rybicki} and Cezary {Wojtkowski}},
 title={{Validation dataset for Land Cover Map of Europe 2017}},
 year={2021},
 doi={10.1594/PANGAEA.934197},
 url={https://doi.org/10.1594/PANGAEA.934197},
 type={data set},
 publisher={PANGAEA}
}

% K

@article{kamiran2012data,
  title={Data preprocessing techniques for classification without discrimination},
  author={Kamiran, Faisal and Calders, Toon},
  journal={Knowledge and information systems},
  volume={33},
  number={1},
  pages={1--33},
  year={2012},
  publisher={Springer}
}

@inproceedings{karra2021global,
  title = {Global Land Use / Land Cover with {{Sentinel}} 2 and Deep Learning},
  booktitle = {2021 {{IEEE International Geoscience}} and {{Remote Sensing Symposium IGARSS}}},
  author = {Karra, Krishna and Kontgis, Caitlin and {Statman-Weil}, Zoe and Mazzariello, Joseph C. and Mathis, Mark and Brumby, Steven P.},
  year = {2021},
  month = jul,
  pages = {4704--4707},
  issn = {2153-7003},
  doi = {10.1109/IGARSS47720.2021.9553499},
  urldate = {2024-03-04},
  keywords = {deep learning,Deep learning,Geoscience and remote sensing,Government,Image segmentation,Industries,land use land cover,Satellites,segmentation,Sentinel 2,Time series analysis}
}

@article{ke2017lightgbm,
  title={Lightgbm: A highly efficient gradient boosting decision tree},
  author={Ke, Guolin and Meng, Qi and Finley, Thomas and Wang, Taifeng and Chen, Wei and Ma, Weidong and Ye, Qiwei and Liu, Tie-Yan},
  journal={Advances in neural information processing systems},
  volume={30},
  year={2017}
}

@inproceedings{kerchove2021esa,
  title={{ESA WorldCover: Global land cover mapping at 10 m resolution for 2020 based on Sentinel-1 and 2 data}},
  author={{Van De Kerchove}, Ruben and {Zanaga}, Daniele and {Keersmaecker}, Wanda and {Souverijns}, Niels and {Wevers}, Jan and {Brockmann}, Carsten and {Grosu}, Alex and {Paccini}, Audrey and {Cartus}, Oliver and {Santoro}, Maurizio and {Lesiv}, Myroslava and {Georgieva}, Ivelina and {Fritz}, Steffen and {Carter}, Sarah and {Tsendbazar}, Nandin-Erdene and {Li}, Linlin and {Herold}, Martin and {Arino}, Olivier},
  booktitle={AGU Fall Meeting Abstracts},
  volume={2021},
  pages={GC45I--0915},
  year={2021}
}

@article{kilibarda2014spatio,
  title={Spatio-temporal interpolation of daily temperatures for global land areas at 1 km resolution},
  author={Kilibarda, Milan and Hengl, Tomislav and Heuvelink, Gerard BM and Gr{\"a}ler, Benedikt and Pebesma, Edzer and Per{\v{c}}ec Tadi{\'c}, Melita and Bajat, Branislav},
  journal={Journal of Geophysical Research: Atmospheres},
  volume={119},
  number={5},
  pages={2294--2313},
  year={2014},
  publisher={Wiley Online Library}
}
@article{kim2016modis,
  title={MODIS data-based crop classification using selective hierarchical classification},
  author={Kim, Yeseul and Lee, Kyung-Do and Na, Sang-Il and Hong, Suk-Young and Park, No-Wook and Yoo, Hee Young},
  journal={Korean Journal of Remote Sensing},
  volume={32},
  number={3},
  pages={235--244},
  year={2016},
  publisher={The Korean Society of Remote Sensing}
}

@article{kleinewillinghofer2022unbiased,
    title = {Unbiased {Area} {Estimation} {Using} {Copernicus} {High} {Resolution} {Layers} and {Reference} {Data}},
    volume = {14},
    copyright = {http://creativecommons.org/licenses/by/3.0/},
    issn = {2072-4292},
    url = {https://www.mdpi.com/2072-4292/14/19/4903},
    doi = {10.3390/rs14194903},
    language = {en},
    number = {19},
    urldate = {2023-03-16},
    journal = {Remote Sensing},
    author = {Kleinewillinghöfer, Luca and Olofsson, Pontus and Pebesma, Edzer and Meyer, Hanna and Buck, Oliver and Haub, Carsten and Eiselt, Beatrice},
    month = jan,
    year = {2022},
    note = {Number: 19 Publisher: Multidisciplinary Digital Publishing Institute},
    keywords = {area estimation, Copernicus, LUCAS, regression estimator},
    pages = {4903},
}

@article{klemas2010advances,
    author = {Klemas, Victor},
    title = {Remote Sensing Techniques for Studying Coastal Ecosystems: An Overview},
    journal = {Journal of Coastal Research},
    volume = {27},
    number = {1},
    pages = {2-17},
    year = {2010},
    month = {11},
    issn = {0749-0208},
    doi = {10.2112/JCOASTRES-D-10-00103.1},
    url = {https://doi.org/10.2112/JCOASTRES-D-10-00103.1},
    eprint = {https://meridian.allenpress.com/jcr/article-pdf/27/1/2/1308484/jcoastres-d-10-00103\_1.pdf},
}

@book{korhonen2020new,
    author = {Korhonen, Kari. T. },
    title = {A new article in the journal Nature overestimates the increase of forest harvesting in Europe},
    publisher = {Natural Resources Institute Finland},
    address = {Helsinki, Finland},
    year = {2020},
    url = {https://www.luke.fi/en/blog/a-new-article-in-the-journal-nature-overestimates-the-increase-of-forest-harvesting-in-europe/},
    note = {Accessed: 2021-07-04}
}



@misc{koshute2021recommending,
    title = {Recommending {{Training Set Sizes}} for {{Classification}}},
    author = {Koshute, Phillip and Zook, Jared and McCulloh, Ian},
    year = {2021},
    month = feb,
    number = {arXiv:2102.09382},
    eprint = {2102.09382},
    primaryclass = {cs},
    publisher = {{arXiv}},
    doi = {10.48550/arXiv.2102.09382},
    urldate = {2023-08-24},
    archiveprefix = {arxiv},
    keywords = {Computer Science - Machine Learning}
}

@article{krawczyk2016learning,
  title={Learning from imbalanced data: open challenges and future directions},
  author={Krawczyk, Bartosz},
  journal={Progress in Artificial Intelligence},
  volume={5},
  number={4},
  pages={221--232},
  year={2016},
  publisher={Springer}
}



@article{krekel2016greener,
  title={The greener, the happier? The effect of urban land use on residential well-being},
  author={Krekel, Christian and Kolbe, Jens and W{\"u}stemann, Henry},
  journal={Ecological economics},
  volume={121},
  pages={117--127},
  year={2016},
  publisher={Elsevier}
}


% L

@article{lekka2024appraisal,
  title={Appraisal of EnMAP hyperspectral imagery use in LULC mapping when combined with machine learning pixel-based classifiers},
  author={Lekka, Christina and Petropoulos, George P and Detsikas, Spyridon E},
  journal={Environmental Modelling \& Software},
  volume={173},
  pages={105956},
  year={2024},
  publisher={Elsevier}
} 

@article{lesiv2023global,
  title={Global reference data set for validating ESA WorldCereal temporary cropland extent},
  author={Lesiv, M and D{\"u}rauer, M and Georgieva, I and Bilous, A and Laso Bayas, JC and Fritz, S},
  year={2023},
  publisher={Zenodo}
}

@phdthesis{levering2024landscape,
  title={Landscape quality assessments using deep learning},
  author={Levering, Alex},
  year={2024},
  school={Wageningen University}
}

@dataset{landa2021multi,
    author = {Landa, Martin and Brodsky, Lukas and Parente, Leandro and Witjes, Martijn and Hengl, Tomislav},
    author+an = {4=highlight},
    title        = {{Multi-year harmonized land cover samples based on 
    LUCAS and CORINE datasets}},
    month = may,
    year = 2021,
    publisher = {Zenodo},
    version = {v0.1},
    doi = {10.5281/zenodo.4740691},
    url = {https://doi.org/10.5281/zenodo.4740691}
    }

@article{li2021improving,
  title={Improving the accuracy of land cover mapping by distributing training samples},
  author={Li, Chenxi and Ma, Zaiying and Wang, Liuyue and Yu, Weijian and Tan, Donglin and Gao, Bingbo and Feng, Quanlong and Guo, Hao and Zhao, Yuanyuan},
  journal={Remote Sensing},
  volume={13},
  number={22},
  pages={4594},
  year={2021},
  publisher={MDPI}
}

@article{li2018mapping,
  title={Mapping annual urban dynamics (1985--2015) using time series of Landsat data},
  author={Li, Xuecao and Zhou, Yuyu and Zhu, Zhengyuan and Liang, Lu and Yu, Bailang and Cao, Wenting},
  journal={Remote Sensing of Environment},
  volume={216},
  pages={674--683},
  year={2018},
  publisher={Elsevier}
}

@article{liu2020assessing,
  title={Assessing and predicting changes in ecosystem service values based on land use/cover change in the {Bohai Rim} coastal zone},
  author={Liu, Yubin and Hou, Xiyong and Li, Xiaowei and Song, Baiyuan and Wang, Chao},
  journal={Ecological Indicators},
  volume={111},
  pages={106004},
  year={2020},
  publisher={Elsevier}
}

@article{liu2020annual,
  title={Annual dynamics of global land cover and its long-term changes from 1982 to 2015},
  author={Liu, Han and Gong, Peng and Wang, Jie and Clinton, Nicholas and Bai, Yuqi and Liang, Shunlin},
  journal={Earth System Science Data},
  volume={12},
  number={2},
  pages={1217--1243},
  year={2020},
  publisher={Copernicus GmbH}
}

@article{liu1995feedback,
  title={A feedback based modification of the NDVI to minimize canopy background and atmospheric noise},
  author={Liu, Hui Qing and Huete, Alfredo},
  journal={IEEE transactions on geoscience and remote sensing},
  volume={33},
  number={2},
  pages={457--465},
  year={1995},
  publisher={IEEE}
}

@book{lovelace2019geocomputation,
  title={{Geocomputation with R}},
  author={Lovelace, R. and Nowosad, J. and Muenchow, J.},
  isbn={9781351396899},
  lccn={2020693327},
  series={Chapman \& Hall/CRC The R Series},
  year={2019},
  publisher={CRC Press}
}
@article{low2013impact,
  title={Impact of feature selection on the accuracy and spatial uncertainty of per-field crop classification using support vector machines},
  author={L{\"o}w, Fabian and Michel, U and Dech, Stefan and Conrad, Christopher},
  journal={ISPRS journal of photogrammetry and remote sensing},
  volume={85},
  pages={102--119},
  year={2013},
  publisher={Elsevier}
}

@Article{luo2020stair,
    AUTHOR = {Luo, Yunan and Guan, Kaiyu and Peng, Jian and Wang, Sibo and Huang, Yizhi},
    TITLE = {STAIR 2.0: A Generic and Automatic Algorithm to Fuse Modis, Landsat, and Sentinel-2 to Generate 10 m, Daily, and Cloud-/Gap-Free Surface Reflectance Product},
    JOURNAL = {Remote Sensing},
    VOLUME = {12},
    YEAR = {2020},
    NUMBER = {19},
    ARTICLE-NUMBER = {3209},
    URL = {https://www.mdpi.com/2072-4292/12/19/3209},
    ISSN = {2072-4292},
    DOI = {10.3390/rs12193209}
    }

@article{luo2022developing,
  title={Developing high-resolution crop maps for major crops in the european union based on transductive transfer learning and limited ground data},
  author={Luo, Yuchuan and Zhang, Zhao and Zhang, Liangliang and Han, Jichong and Cao, Juan and Zhang, Jing},
  journal={Remote Sensing},
  volume={14},
  number={8},
  pages={1809},
  year={2022},
  publisher={MDPI}
}



% M

@book{manakos2014land,
  title={Land use and land cover mapping in Europe},
  author={Manakos, Ioannis and Braun, Matthias},
  volume={18},
  year={2014},
  publisher={Springer}
}

@article{malinowski2020automated,
    title={Automated production of a land cover/use map of Europe based on Sentinel-2 imagery},
    author={Malinowski, Radek and Lewi{\'n}ski, Stanis{\l}aw and Rybicki, Marcin and Gromny, Ewa and Jenerowicz, Ma{\l}gorzata and Krupi{\'n}ski, Micha{\l} and Nowakowski, Artur and Wojtkowski, Cezary and Krupi{\'n}ski, Marcin and Kr{\"a}tzschmar, Elke and others},
    journal={Remote Sensing},
    volume={12},
    number={21},
    pages={3523},
    year={2020},
    publisher={Multidisciplinary Digital Publishing Institute}
}

@report{mark1992multidirectional,
  title={Multidirectional, oblique-weighted, shaded-relief image of the Island of Hawaii},
  author={Mark, Robert K.},
  year={1992},
  institution={US Geological Survey},
  number={92-422},
  series={Open-File Report},
  doi={10.3133/ofr92422},
  url={https://pubs.usgs.gov/publication/ofr92422}
}

@article{mastelic2020aerial,
  title={Aerial imagery based on commercial flights as remote sensing platform},
  author={Mastelic, Toni and Lorincz, Josip and Ivandic, Ivan and Boban, Matea},
  journal={Sensors},
  volume={20},
  number={6},
  pages={1658},
  year={2020},
  publisher={MDPI}
}

@article{masolele2024mapping,
  title={Mapping the diversity of land uses following deforestation across Africa},
  author={Masolele, Robert N and Marcos, Diego and De Sy, Veronique and Abu, Itohan-Osa and Verbesselt, Jan and Reiche, Johannes and Herold, Martin},
  journal={Scientific Reports},
  volume={14},
  number={1},
  pages={1681},
  year={2024},
  publisher={Nature Publishing Group UK London}
}

@article{mcfeeters1996use,
  title={The use of the Normalized Difference Water Index (NDWI) in the delineation of open water features},
  author={McFeeters, Stuart K},
  journal={International journal of remote sensing},
  volume={17},
  number={7},
  pages={1425--1432},
  year={1996},
  publisher={Taylor \& Francis}
}

@article{mellor2015exploring,
    title = {Exploring issues of training data imbalance and mislabelling on random forest performance for large area land cover classification using the ensemble margin},
    volume = {105},
    issn = {0924-2716},
    url = {https://www.sciencedirect.com/science/article/pii/S0924271615000945},
    doi = {10.1016/j.isprsjprs.2015.03.014},
    urldate = {2023-08-22},
    journal = {ISPRS Journal of Photogrammetry and Remote Sensing},
    author = {Mellor, Andrew and Boukir, Samia and Haywood, Andrew and Jones, Simon},
    month = jul,
    year = {2015},
    keywords = {Classification, Ensemble margin, Imbalance, Mislabelling, Remote sensing, Training data},
    pages = {155--168},
}

@article{meyer2017matter,
  title={A matter of time: self-regulated tree regeneration in a natural Norway spruce (Picea abies) forest at Mt. Brocken, Germany},
  author={Meyer, Peter and Janda, Pavel and Mikol{\'a}{\v{s}}, Martin and Trotsiuk, Volodymyr and Krumm, Frank and Mrhalov{\'a}, Hana and Synek, Michal and L{\'a}busov{\'a}, Jana and Kraus, Daniel and Brandes, Jan and others},
  journal={European journal of forest research},
  volume={136},
  pages={907--921},
  year={2017},
  publisher={Springer}
}

@article{meyer2021predicting,
    title={Predicting into unknown space? Estimating the area of applicability of spatial prediction models},
    author={Meyer, Hanna and Pebesma, Edzer},
    journal={Methods in Ecology and Evolution},
    volume={12},
    number={9},
    pages={1620--1633},
    year={2021},
    publisher={Wiley Online Library}
}

@Inbook{mora2014global,
    author="Mora, Brice
    and Tsendbazar, Nandin-Erdene
    and Herold, Martin
    and Arino, Olivier",
    editor="Manakos, Ioannis
    and Braun, Matthias",
    title="Global Land Cover Mapping: Current Status and Future Trends",
    bookTitle="Land Use and Land Cover Mapping in Europe: Practices {\&} Trends",
    year="2014",
    publisher="Springer Netherlands",
    address="Dordrecht",
    pages="11--30",
    isbn="978-94-007-7969-3",
    doi="10.1007/978-94-007-7969-3_2"
}



@article{mukkavilli2023ai,
  title={Ai foundation models for weather and climate: Applications, design, and implementation},
  author={Mukkavilli, S Karthik and Civitarese, Daniel Salles and Schmude, Johannes and Jakubik, Johannes and Jones, Anne and Nguyen, Nam and Phillips, Christopher and Roy, Sujit and Singh, Shraddha and Watson, Campbell and others},
  journal={arXiv preprint arXiv:2309.10808},
  year={2023}
}

@article{mucher2000land,
  title={Land cover characterization and change detection for environmental monitoring of pan-Europe},
  author={Mucher, CA and Steinnocher, KT and Kressler, FP and Heunks, Camiel},
  journal={International Journal of Remote Sensing},
  volume={21},
  number={6-7},
  pages={1159--1181},
  year={2000},
  publisher={Taylor \& Francis}
}
@article{mingguo2009effect,
  title={The effect of prior probabilities in the maximum likelihood classification on individual classes},
  author={Mingguo, Zheng and Qianguo, Cai and Mingzhou, Qin},
  journal={Photogrammetric Engineering \& Remote Sensing},
  volume={75},
  number={9},
  pages={1109--1117},
  year={2009},
  publisher={American Society for Photogrammetry and Remote Sensing}
}



@article{milojevic2023eubucco,
  title={EUBUCCO v0. 1: European building stock characteristics in a common and open database for 200+ million individual buildings},
  author={Milojevic-Dupont, Nikola and Wagner, Felix and Nachtigall, Florian and Hu, Jiawei and Br{\"u}ser, Geza Boi and Zumwald, Marius and Biljecki, Filip and Heeren, Niko and Kaack, Lynn H and Pichler, Peter-Paul and others},
  journal={Scientific Data},
  volume={10},
  number={1},
  pages={147},
  year={2023},
  publisher={Nature Publishing Group UK London}
}

@article{moller2019oblique,
  title={Oblique geographic coordinates as covariates for digital soil mapping},
  author={M{\o}ller, Anders Bj{\o}rn and Beucher, Am{\'e}lie Marie and Pouladi, Nastaran and Greve, Mogens Humlekrog},
  journal={SOIL Discussions},
  volume={2019},
  pages={1--20},
  year={2019},
  publisher={G{\"o}ttingen, Germany}
}

@book{monmonier2018how,
  title = {How to Lie with Maps},
  author = {Monmonier, Mark S.},
  edition = {Third},
  language = {eng},
  publisher = {The University of Chicago Press},
  address = {Chicago, IL},
  isbn = {9780226435923},
  year = {2018},
  url = {https://worldcat.org/title/1004848941}
}

@misc{müller2020when,
    title={When Does Label Smoothing Help?}, 
    author={Rafael Müller and Simon Kornblith and Geoffrey Hinton},
    year={2020},
    eprint={1906.02629},
    archivePrefix={arXiv},
    primaryClass={cs.LG}
}

@article{myburgh2014impact,
    title = {Impact of {Training} {Set} {Size} on {Object}-{Based} {Land} {Cover} {Classification}: {A} {Comparison} of {Three} {Classifiers}},
    volume = {5},
    doi = {10.4018/ijagr.2014070104},
    number = {3},
    journal = {International Journal of Applied Geospatial Research},
    author = {Myburgh, Gerhard and van Niekerk, Adriaan},
    month = jul,
    year = {2014},
    note = {MAG ID: 2010669231 S2ID: b9ecc37554e527125e76627138df63d75c488264},
    pages = {49--67},
}

@book{mitsch1994global,
  title={Global Wetlands: Old World and New},
  author={Mitsch, W.J.},
  year={1994},
  publisher={Elsevier Science},
  address={Amsterdam, The Netherlands}
}

@book{mitsch2015wetlands,
  title={Wetlands},
  author={Mitsch, W.J. and Gosselink, J.G.},
  year={2015},
  publisher={John Wiley \& Sons},
  address={New York, NY, USA}
}

% N

@article{nature2008markets,
  title = {Markets can save forests},
  author = {},
  journal = {Nature},
  volume = {452},
  number = {7184},
  pages = {},
  year = {2008},
  month = {March},
  day = {13},
  publisher = {Nature Publishing Group},
  doi = {https://doi.org/10.1038/452127a},
  url = {https://www.nature.com/articles/452127a.pdf}
}

@article{neis2014recent,
    title = {Recent {{Developments}} and {{Future Trends}} in {{Volunteered Geographic Information Research}}: {{The Case}} of {{OpenStreetMap}}},
    shorttitle = {Recent {{Developments}} and {{Future Trends}} in {{Volunteered Geographic Information Research}}},
    author = {Neis, Pascal and Zielstra, Dennis},
    year = {2014},
    month = mar,
    journal = {Future Internet},
    volume = {6},
    number = {1},
    pages = {76--106},
    publisher = {Multidisciplinary Digital Publishing Institute},
    issn = {1999-5903},
    doi = {10.3390/fi6010076},
    urldate = {2024-03-04},
    copyright = {http://creativecommons.org/licenses/by/3.0/},
    langid = {english},
    keywords = {future trends,OpenStreetMap,user generated content,volunteered geographic information}
}

@article{nieke2023copernicus,
  title={The copernicus hyperspectral imaging mission for the environment (CHIME): an overview of its mission, system and planning status},
  author={Nieke, Jens and Despoisse, Laurent and Gabriele, Antonio and Weber, Heidrun and Strese, Helene and Ghasemi, Nafiseh and Gascon, Ferran and Alonso, Kevin and Boccia, Valentina and Tsonevska, Bogdana and others},
  journal={Sensors, Systems, and Next-Generation Satellites XXVII},
  volume={12729},
  pages={21--40},
  year={2023},
  publisher={SPIE}
}

@article{nelson2021assessing,
  title={Assessing map accuracy from a suite of site-specific, non-site specific, and spatial distribution approaches.},
  author={Nelson, Mark D and Garner, James D and Tavernia, Brian G and Stehman, Stephen V and Riemann, Rachel I and Lister, Andrew J and Perry, Charles H},
  journal={Remote Sensing of Environment},
  volume={260},
  pages={112442},
  year={2021},
  publisher={Elsevier}
}

@inproceedings{niculescu2005predicting,
	address = {New York, NY, USA},
	series = {{ICML} '05},
	title = {Predicting good probabilities with supervised learning},
	isbn = {978-1-59593-180-1},
	url = {https://doi.org/10.1145/1102351.1102430},
	doi = {10.1145/1102351.1102430},
	urldate = {2023-09-05},
	booktitle = {Proceedings of the 22nd international conference on {Machine} learning},
	publisher = {Association for Computing Machinery},
	author = {Niculescu-Mizil, Alexandru and Caruana, Rich},
	month = aug,
	year = {2005},
	pages = {625--632},
}

@misc{northcutt2022confident,
      title={Confident Learning: Estimating Uncertainty in Dataset Labels}, 
      author={Curtis G. Northcutt and Lu Jiang and Isaac L. Chuang},
      year={2022},
      eprint={1911.00068},
      archivePrefix={arXiv},
      primaryClass={stat.ML}
}

% O

@article{olofsson2013making,
    title = {Making better use of accuracy data in land change studies: {Estimating} accuracy and area and quantifying uncertainty using stratified estimation},
    volume = {129},
    issn = {0034-4257},
    shorttitle = {Making better use of accuracy data in land change studies},
    url = {https://www.sciencedirect.com/science/article/pii/S0034425712004191},
    doi = {10.1016/j.rse.2012.10.031},
    urldate = {2023-08-23},
    journal = {Remote Sensing of Environment},
    author = {Olofsson, Pontus and Foody, Giles M. and Stehman, Stephen V. and Woodcock, Curtis E.},
    month = feb,
    year = {2013},
    keywords = {Accuracy assessment, Carbon modeling, Land cover change, Land use change, Stratified estimation, Uncertainty},
    pages = {122--131},
}

@article{olofsson2014good,
    title = {Good practices for estimating area and assessing accuracy of land change},
    volume = {148},
    issn = {0034-4257},
    url = {https://www.sciencedirect.com/science/article/pii/S0034425714000704},
    doi = {10.1016/j.rse.2014.02.015},
    language = {en},
    urldate = {2022-10-06},
    journal = {Remote Sensing of Environment},
    author = {Olofsson, Pontus and Foody, Giles M. and Herold, Martin and Stehman, Stephen V. and Woodcock, Curtis E. and Wulder, Michael A.},
    month = may,
    year = {2014},
    keywords = {Accuracy assessment, Area estimation, Land change, Remote sensing, Response design, Sampling design},
    pages = {42--57},
}

@misc{oecd1996guidelines,
  title={Guidelines for Aid Agencies for Improved Conservation and Sustainable Use of Tropical and Subtropical Wetlands},
  author={{OECD Development Assistance Committee}},
  year={1996},
  publisher={Organization for Economic Co-operation and Development},
  address={Paris, France}
}

@misc{owens2001global,
  title={Global issues—National Politics: Comparing Wetland Protection Policies and Perceptions in the Netherlands and the United States},
  author={Owens, Katharine},
  year={2001},
  howpublished={\url{https://www.researchgate.net/profile/Katharine_Owens/publication/242150504_Global_issues_-_National_Politics_Comparing_wetland_protection_policies_and_perceptions_in_the_Netherlands_and_the_United_States/links/0f31752fa4e0b79df5000000.pdf}}
}

% P

@article{palahi2021concerns,
    title={Concerns about reported harvests in European forests},
    author={Palahi, Marc and Valbuena, Ruben and Senf, Cornelius and Acil, Nezha and Pugh, Thomas AM and Sadler, Jonathan and Seidl, Rupert and Potapov, Peter and Gardiner, Barry and Hetem{\"a}ki, Lauri and others},
    journal={Nature},
    volume={592},
    number={7856},
    pages={E15--E17},
    year={2021},
    publisher={Nature Publishing Group}
}

@article{phiri2020sentinel,
  title={Sentinel-2 data for land cover/use mapping: A review},
  author={Phiri, Darius and Simwanda, Matamyo and Salekin, Serajis and Nyirenda, Vincent R and Murayama, Yuji and Ranagalage, Manjula},
  journal={Remote Sensing},
  volume={12},
  number={14},
  pages={2291},
  year={2020},
  publisher={MDPI}
}

@article{pielke2002influence,
  title={The influence of land-use change and landscape dynamics on the climate system: relevance to climate-change policy beyond the radiative effect of greenhouse gases},
  author={Pielke Sr, Roger A and Marland, Gregg and Betts, Richard A and Chase, Thomas N and Eastman, Joseph L and Niles, John O and Niyogi, Dev Dutta S and Running, Steven W},
  journal={Philosophical Transactions of the Royal Society of London. Series A: Mathematical, Physical and Engineering Sciences},
  volume={360},
  number={1797},
  pages={1705--1719},
  year={2002},
  publisher={The Royal Society}
}

@article{pigaiani2021luisa,
	number = {KJ-NA-30663-EN-N (online)},
	address = {Luxembourg (Luxembourg)},
	issn = {1831-9424 (online)},
	year = {2021},
	author = {Pigaiani, C and Batista E Silva, F},
	isbn = {978-92-76-34207-6 (online)},
	publisher = {Publications Office of the European Union},
	abstract = {The LUISA Base Map 2018 is a land use/land cover map of Europe compatible with the CORINE Land Cover nomenclature, but offering a considerable higher spatial and thematic detail. It was produced by employing an automated, reproducible and structured geographical data fusion approach, integrating land use data from diverse, trusted, off-the-shelf geospatial data sources. It is a key input to the European Commission Joint Research Centre LUISA territorial model. Because it is publicly available, it can be used in many other applications requiring fine spatial and/or thematic detail of land use/land cover consistently for Europe. This technical report describes the background and specifications of the LUISA Base Map 2018, documents the materials and methods employed in its production, and discussed its main strengths and limitations.
		},
	title = {The LUISA Base Map 2018},
	url = {},
	doi = {10.2760/503006 (online)}
}

@article{pflugmacher2019mapping,
    title={Mapping pan-European land cover using Landsat spectral-temporal metrics and the European LUCAS survey},
    year={2019},
    author={Dirk Pflugmacher and Andreas Rabe and Mathias Peters and Patrick Hostert},
    doi={10.1016/j.rse.2018.12.001},
    pmid={null},pmcid={null},mag_id={2903689264},
    journal={Remote Sensing of Environment}
}

@article{lesiv2023global,
  title={Global Crop Type Validation Data Set for ESA WorldCereal System},
  author={Lesiv, M and Bilous, A and Laso Bayas, JC and Karanam, S and Fritz, S},
  year={2023},
  publisher={Zenodo}
}

@misc{worldcereal_rdm,
  author = {{WorldCereal Project Team}},
  title = {WorldCereal Reference Data Module},
  howpublished = {\url{https://worldcereal-rdm.geo-wiki.org/}},
  year = {2024},
  note = {Accessed: 2024-03-18}
}


@article{picard2021recent,
    title={Recent increase in European forest harvests as based on area estimates (Ceccherini et al. 2020a) not confirmed in the French case},
    author={Picard, Nicolas and Leban, Jean-Michel and Guehl, Jean-Marc and Dreyer, Erwin and Bouriaud, Olivier and Bontemps, Jean-Daniel and Landmann, Guy and Colin, Antoine and Peyron, Jean-Luc and Marty, Pascal},
    journal={Annals of Forest Science},
    volume={78},
    number={1},
    pages={1--5},
    year={2021},
    publisher={Springer}
}

@article{pontius2006can,
    title = {Can {Error} {Explain} {Map} {Differences} {Over} {Time}?},
    volume = {33},
    issn = {1523-0406, 1545-0465},
    url = {http://www.tandfonline.com/doi/abs/10.1559/152304006777681706},
    doi = {10.1559/152304006777681706},
    language = {en},
    number = {2},
    urldate = {2023-08-23},
    journal = {Cartography and Geographic Information Science},
    author = {Pontius, Robert Gilmore and Lippitt, Christopher D},
    month = jan,
    year = {2006},
    pages = {159--171}
}
    
@article{pontius2011death,
    title = {Death to {Kappa}: birth of quantity disagreement and allocation disagreement for accuracy assessment},
    doi = {10.1080/01431161.2011.552923},
    journal = {Journal of remote sensing},
    author = {Pontius, Robert Gilmore and Millones, Marco},
    year = {2011},
}

@article{prokhorenkova2018catboost,
    title={CatBoost: unbiased boosting with categorical features},
    author={Prokhorenkova, Liudmila and Gusev, Gleb and Vorobev, Aleksandr and Dorogush, Anna Veronika and Gulin, Andrey},
    journal={Advances in neural information processing systems},
    volume={31},
    year={2018}
}



@article{potapov2020landsat,
    title={Landsat analysis ready data for global land cover and land cover change mapping},
    author={Potapov, Peter and Hansen, Matthew C and Kommareddy, Indrani and Kommareddy, Anil and Turubanova, Svetlana and Pickens, Amy and Adusei, Bernard and Tyukavina, Alexandra and Ying, Qing},
    journal={Remote Sensing},
    volume={12},
    number={3},
    pages={426},
    year={2020},
    publisher={MDPI}
}

% Q

% R

@article{russwurm2018multi,
  title={Multi-temporal land cover classification with sequential recurrent encoders},
  author={Ru{\ss}wurm, Marc and K{\"o}rner, Marco},
  journal={ISPRS International Journal of Geo-Information},
  volume={7},
  number={4},
  pages={129},
  year={2018},
  publisher={MDPI}
}

@article{ramezan2021effects,
    title = {Effects of {{Training Set Size}} on {{Supervised Machine-Learning Land-Cover Classification}} of {{Large-Area High-Resolution Remotely Sensed Data}}},
    author = {Ramezan, Christopher A. and Warner, Timothy A. and Maxwell, Aaron E. and {Bradley S. Price} and Price, Bradley S.},
    year = {2021},
    journal = {Remote Sensing},
    volume = {13},
    number = {3},
    pages = {368},
    doi = {10.3390/rs13030368},
    keywords = {GEOBIA,high-resolution imagery,large area,supervised machine learning,training sample size},
    annotation = {MAG ID: 3126087996 S2ID: 26d912aa9e585b21739a9890d91794f1e267644a}
}

@misc{redd2022estimating,
    title = {Estimating area, area change and their uncertainties},
    url = {https://www.reddcompass.org/mgd/en-3/s10s02s03.html\#623202},
    urldate = {2022-10-06},
    month = {oct},
    year = {2022},
}

@book{rijsbergen1980information,
    title={Information Retrieval},
    author={{Van Rijsbergen}, C.J.},
    lccn={78040725},
    year={1980},
    publisher={Butterworth Heinemann}
}

@InProceedings{robinson2019large,
    author = {Robinson, Caleb and Hou, Le and Malkin, Kolya and Soobitsky, Rachel and Czawlytko, Jacob and Dilkina, Bistra and Jojic, Nebojsa},
    title = {Large Scale High-Resolution Land Cover Mapping With Multi-Resolution Data},
    booktitle = {Proceedings of the IEEE/CVF Conference on Computer Vision and Pattern Recognition (CVPR)},
    month = {June},
    year = {2019}
    }

@article{rodriguez-perez2017influence,
    title = {Influence of {{Varying Training Set Composition}} and {{Size}} on {{Support Vector Machine-Based Prediction}} of {{Active Compounds}}},
    author = {{Rodr{\'i}guez-P{\'e}rez}, Raquel and Vogt, Martin and Bajorath, J{\"u}rgen},
    year = {2017},
    month = apr,
    journal = {Journal of Chemical Information and Modeling},
    volume = {57},
    number = {4},
    pages = {710--716},
    doi = {10.1021/acs.jcim.7b00088},
    pmcid = {5417594},
    pmid = {28376613},
}

@article{romijn2016monitoring,
    title = {Monitoring Progress towards {{Sustainable Development Goals The}} Role of Land Monitoring},
    author = {Romijn, Erika and Herold, Martin and Mora, Brice and Briggs, Stephen and Seifert, Frank Martin and Paganini, Marc},
    year = {2016},
    langid = {english},
    url = {http://www.gofcgold.wur.nl/documents/newsletter/Sustainable\_Development\_Goals-infobrief.pdf}
}

@article{rouse1974monitoring,
  title={Monitoring vegetation systems in the Great Plains with ERTS},
  author={Rouse, John Wilson and Haas, R{\"u}diger H and Schell, John A and Deering, Donald W and others},
  journal={NASA Spec. Publ},
  volume={351},
  number={1},
  pages={309},
  year={1974}
}

@article{rossi2019assessing,
    author = {Rossi, Fernando and Breidenbach, Johannes and Puliti, Stefano and Astrup, Rasmus and Talbot, Bruce},
    title = {Assessing Harvested Sites in a Forested Boreal Mountain Catchment through Global Forest Watch},
    journal = {Remote Sensing},
    volume = {11},
    year = {2019},
    number = {5},
    url = {https://www.mdpi.com/2072-4292/11/5/543},
    issn = {2072-4292},
    doi = {10.3390/rs11050543}
}

@book{ramsar2001wetlands,
  title={Wetlands Values and Functions},
  author={{Ramsar Convention Bureau}},
  year={2001},
  publisher={Ramsar Convention Bureau},
  address={Gland, Switzerland}
}

@misc{ramsar2015wetlands,
  title={Wetlands for Our Future: Act Now to Prevent, Stop, and Reserve Wetland Loss},
  author={{Ramsar Convention Bureau}},
  year={2015},
  howpublished={\url{https://www.ramsar.org/news/press-release-wetlands-for-our-future-act-now-to-prevent-stop-and-reverse-wetland-loss}},
  note={Accessed on 22 May 2019}
}

% S

@article{sales2022land,
    title = {Land {Use} and {Land} {Cover} {Area} {Estimates} {From} {Class} {Membership} {Probability} of a {Random} {Forest} {Classification}},
    volume = {60},
    issn = {1558-0644},
    doi = {10.1109/TGRS.2021.3080083},
    journal = {IEEE Transactions on Geoscience and Remote Sensing},
    author = {Sales, Marcio H. R. and de Bruin, Sytze and Souza, Carlos and Herold, Martin},
    year = {2022},
    note = {Conference Name: IEEE Transactions on Geoscience and Remote Sensing},
    keywords = {Area estimation bias, Artificial satellites, computational infrastructure, Earth, Forestry, optical data, Probability, random forest and geographic information system (GIS), Random forests, Remote sensing, Vegetation, vegetation and land surface},
    pages = {1--11}
}

@article{santos2012multiscale,
  title={Multiscale classification of remote sensing images},
  author={Dos Santos, Jefersson Alex and Gosselin, Philippe-Henri and Philipp-Foliguet, Sylvie and Torres, Ricardo da S and Falao, Alexandre Xavier},
  journal={IEEE Transactions on Geoscience and Remote Sensing},
  volume={50},
  number={10},
  pages={3764--3775},
  year={2012},
  publisher={IEEE}
}

@article{santos2021quality,
  author = {Santos, L.A. and Ferreira, K.R. and Camara, G. and Picoli, M.C. and Simoes, R.E.},
  year = {2021},
  title = {Quality control and class noise reduction of satellite image time series},
  volume = {177},
  pages = {75–88},
  doi = {10.1016/j.isprsjprs.2021.04.014},
  language = {en},
  journal = {ISPRS Journal of Photogrammetry and Remote Sensing}
}

@article{schneider2023eurocrops,
  title={Eurocrops: The largest harmonized open crop dataset across the european union},
  author={Schneider, Maja and Schelte, Tobias and Schmitz, Felix and K{\"o}rner, Marco},
  journal={Scientific Data},
  volume={10},
  number={1},
  pages={612},
  year={2023},
  publisher={Nature Publishing Group UK London}
}

@article{schultz2017open,
  title={Open land cover from OpenStreetMap and remote sensing},
  author={Schultz, Michael and Voss, Janek and Auer, Michael and Carter, Sarah and Zipf, Alexander},
  journal={International journal of applied earth observation and geoinformation},
  volume={63},
  pages={206--213},
  year={2017},
  publisher={Elsevier}
}

@article{schuck2003compilation,
    title = {Compilation of a {European} forest map from {Portugal} to the {Ural} mountains based on earth observation data and forest statistics},
    volume = {5},
    issn = {13899341},
    url = {https://linkinghub.elsevier.com/retrieve/pii/S1389934103000248},
    doi = {10.1016/S1389-9341(03)00024-8},
    language = {en},
    number = {2},
    urldate = {2023-07-17},
    journal = {Forest Policy and Economics},
    author = {Schuck, A. and Päivinen, R. and Häme, T. and Van Brusselen, J. and Kennedy, P. and Folving, S.},
    month = jul,
    year = {2003},
    pages = {187--202},
}

@article{senf2018canopy,
    title={Canopy mortality has doubled in Europe’s temperate forests over the last three decades},
    author={Senf, Cornelius and Pflugmacher, Dirk and Zhiqiang, Yang and Sebald, Julius and Knorn, Jan and Neumann, Mathias and Hostert, Patrick and Seidl, Rupert},
    journal={Nature Communications},
    volume={9},
    number={1},
    pages={1--8},
    year={2018},
    publisher={Nature Publishing Group}
}

@article{senf2021mapping,
    title={Mapping the forest disturbance regimes of Europe},
    author={Senf, Cornelius and Seidl, Rupert},
    journal={Nature Sustainability},
    volume={4},
    number={1},
    pages={63--70},
    year={2021},
    publisher={Nature Publishing Group}
}

@misc{singh2024uncertainty,
      title={Uncertainty quantification for probabilistic machine learning in earth observation using conformal prediction}, 
      author={Geethen Singh and Glenn Moncrieff and Zander Venter and Kerry Cawse-Nicholson and Jasper Slingsby and Tamara B Robinson},
      year={2024},
      eprint={2401.06421},
      archivePrefix={arXiv},
      primaryClass={cs.LG}
}

@article{shahi2015novel,
    title = {{A novel spectral index to automatically extract road networks from WorldView-2 satellite imagery}},
    journal = {The Egyptian Journal of Remote Sensing and Space Science},
    volume = {18},
    number = {1},
    pages = {27-33},
    year = {2015},
    issn = {1110-9823},
    doi = {10.1016/j.ejrs.2014.12.003},
    author = {Kaveh Shahi and Helmi Z.M. Shafri and Ebrahim Taherzadeh and Shattri Mansor and Ratnasamy Muniandy},
}

@article{shandas2019integrating,
  title={Integrating satellite and ground measurements for predicting locations of extreme urban heat},
  author={Shandas, Vivek and Voelkel, Jackson and Williams, Joseph and Hoffman, Jeremy},
  journal={Climate},
  volume={7},
  number={1},
  pages={5},
  year={2019},
  publisher={MDPI}
}



@inproceedings{shivakumar2017spectral,
  title={Spectral similarity for evaluating classification performance of traditional classifiers},
  author={Shivakumar, BR and Rajashekararadhya, SV},
  booktitle={2017 International Conference on Wireless Communications, Signal Processing and Networking (WiSPNET)},
  pages={1999--2004},
  year={2017},
  organization={IEEE}
}

@article{sparks2022mapping,
    title={Mapping Arable Land and Permanent Agriculture Extent and Change in Southern Greece Using the European Union LUCAS Survey and a 35-Year Landsat Time Series Analysis},
    year={2022},
    author={Aaron M. Sparks and Imen Bouhamed and Luigi Boschetti and Ioannis Z. Gitas and Chariton Kalaitzidis},
    doi={10.3390/rs14143369},
    pmid={null},pmcid={null},mag_id={4285393622},
    journal={Remote Sensing}
}

@article{spitzer2006insect,
  title={Insect biodiversity of boreal peat bogs},
  author={Spitzer, Karel and Danks, Hugh V},
  journal={Annu. Rev. Entomol.},
  volume={51},
  pages={137--161},
  year={2006},
  publisher={Annual Reviews}
}

@ARTICLE{sumbul2020deep,
  author={Sumbul, Gencer and Demİr, Begüm},
  journal={IEEE Access}, 
  title={A Deep Multi-Attention Driven Approach for Multi-Label Remote Sensing Image Classification}, 
  year={2020},
  volume={8},
  number={},
  pages={95934-95946},
  keywords={Spatial resolution;Remote sensing;Training;Neural networks;Computational modeling;Adaptation models;Multi-label image classification;deep neural network;multi-attention strategy;remote sensing},
  doi={10.1109/ACCESS.2020.2995805}}


@article{stanimirova2023global,
  title={A global land cover training dataset from 1984 to 2020},
  author={Stanimirova, Radost and Tarrio, Katelyn and Turlej, Konrad and McAvoy, Kristina and Stonebrook, Sophia and Hu, Kai-Ting and Ar{\'e}valo, Paulo and Bullock, Eric L and Zhang, Yingtong and Woodcock, Curtis E and others},
  journal={Scientific Data},
  volume={10},
  number={1},
  pages={879},
  year={2023},
  publisher={Nature Publishing Group UK London}
}

@article{stehman2012impact,
    title = {Impact of sample size allocation when using stratified random sampling to estimate accuracy and area of land-cover change},
    volume = {3},
    issn = {2150-704X},
    url = {https://doi.org/10.1080/01431161.2010.541950},
    doi = {10.1080/01431161.2010.541950},
    number = {2},
    urldate = {2023-03-23},
    journal = {Remote Sensing Letters},
    author = {Stehman, Stephen V.},
    month = mar,
    year = {2012},
    note = {Publisher: Taylor \& Francis
    \_eprint: https://doi.org/10.1080/01431161.2010.541950},
    pages = {111--120},
}


@article{stehman2013estimating,
    title = {Estimating area from an accuracy assessment error matrix},
    volume = {132},
    issn = {0034-4257},
    url = {https://www.sciencedirect.com/science/article/pii/S003442571300028X},
    doi = {10.1016/j.rse.2013.01.016},
    urldate = {2023-08-23},
    journal = {Remote Sensing of Environment},
    author = {Stehman, Stephen V.},
    year = {2013},
    keywords = {Design-based inference, Difference estimator, Model-assisted estimation, Poststratified estimator, Sampling},
    pages = {202--211},
}

@article{stehman2014estimating,
    title = {Estimating area and map accuracy for stratified random sampling when the strata are different from the map classes},
    volume = {35},
    issn = {0143-1161},
    url = {https://doi.org/10.1080/01431161.2014.930207},
    doi = {10.1080/01431161.2014.930207},
    number = {13},
    urldate = {2023-03-16},
    journal = {International Journal of Remote Sensing},
    publisher = {Taylor \& Francis},
author = {Stehman, Stephen V.},
    year = {2014},
    pages = {4923--4939},
}

@article{storch2023enmap,
  title={The EnMAP imaging spectroscopy mission towards operations},
  author={Storch, Tobias and Honold, Hans-Peter and Chabrillat, Sabine and Habermeyer, Martin and Tucker, Paul and Brell, Maximilian and Ohndorf, Andreas and Wirth, Katrin and Betz, Matthias and Kuchler, Michael and others},
  journal={Remote Sensing of Environment},
  volume={294},
  pages={113632},
  year={2023},
  publisher={Elsevier}
}


@article{strahler1980use,
  title = {The Use of Prior Probabilities in Maximum Likelihood Classification of Remotely Sensed Data},
  author = {Strahler, Alan H.},
  year = {1980},
  month = sep,
  journal = {Remote Sensing of Environment},
  volume = {10},
  number = {2},
  pages = {135--163},
  issn = {0034-4257},
  doi = {10.1016/0034-4257(80)90011-5},
  urldate = {2023-09-15}
}

@article{strahler2006global,
    title={Global land cover validation: Recommendations for evaluation and accuracy assessment of global land cover maps},
    author={Strahler, Alan H and Boschetti, Luigi and Foody, Giles M and Friedl, Mark A and Hansen, Matthew C and Herold, Martin and Mayaux, Philippe and Morisette, Jeffrey T and Stehman, Stephen V and Woodcock, Curtis E},
    journal={European Communities, Luxembourg},
    volume={51},
    number={4},
    pages={1--60},
    year={2006}
}

@article{sy2019tropical,
    title = {Tropical Deforestation Drivers and Associated Carbon Emission Factors Derived from Remote Sensing Data},
    author = {Sy, V. De and Herold, M. and Achard, F. and Avitabile, V. and Baccini, A. and Carter, S. and Clevers, J. G. P. W. and Lindquist, E. and Pereira, Maria and Verchot, L.},
    year = {2019},
    month = sep,
    journal = {Environmental Research Letters},
    volume = {14},
    number = {9},
    pages = {094022},
    publisher = {{IOP Publishing}},
    issn = {1748-9326},
    doi = {10.1088/1748-9326/ab3dc6},
    urldate = {2023-08-25},
    langid = {english}
}


@article{szantoi2020addressing,
    title = {Addressing the need for improved land cover map products for policy support},
    volume = {112},
    issn = {1462-9011},
    url = {https://www.sciencedirect.com/science/article/pii/S1462901120301957},
    doi = {10.1016/j.envsci.2020.04.005},
    urldate = {2023-08-21},
    journal = {Environmental Science \& Policy},
    author = {Szantoi, Zoltan and Geller, Gary N. and Tsendbazar, Nandin-Erdene and See, Linda and Griffiths, Patrick and Fritz, Steffen and Gong, Peng and Herold, Martin and Mora, Brice and Obregón, André},
    year = {2020},
    keywords = {Applications, Earth observation, Ecosystem services, Land cover, Reference data, Remote sensing},
    pages = {28--35},
}

@book{smardon2009sustaining,
  title={Sustaining the Worlds Wetlands: Setting Policy and Resolving Conflicts},
  author={Smardon, R.C.},
  year={2009},
  publisher={Springer},
  address={New York, NY, USA}
}

% T

@article{tao2020a,
  author = {Tao, F. and Zhou, Z. and Huang, Y. and Li, Q. and Lu, X. and Ma, S. and Luo, Y.},
  year = {2020},
  title = {Deep learning optimizes data-driven representation of soil organic carbon in Earth system model over the conterminous United States},
  volume = {3},
  pages = {17},
  doi = {10.3389/fdata.2020.00017},
  language = {en},
  journal = {Frontiers in Big Data}
}

@article{tadono2014precise,
  title={Precise global DEM generation by ALOS PRISM},
  author={Tadono, T and Ishida, H and Oda, F and Naito, S and Minakawa, K and Iwamoto, H},
  journal={ISPRS Annals of the Photogrammetry, Remote Sensing and Spatial Information Sciences},
  volume={2},
  number={4},
  doi={10.5194/isprsannals-II-4-71-2014},
  pages={71},
  year={2014},
  publisher={Copernicus GmbH}
}

@article{tadono2016generation,
  title={Generation of the 30 M-mesh global digital surface model by ALOS PRISM.},
  author={Tadono, T and Nagai, H and Ishida, H and Oda, F and Naito, S and Minakawa, K and Iwamoto, H},
  journal={International Archives of the Photogrammetry, Remote Sensing \& Spatial Information Sciences},
  volume={41},
  year={2016}
}

@article{tramontana2020a,
  author = {Tramontana, G. and Migliavacca, M. and Jung, M. and Reichstein, M. and Keenan, T.F. and Camps‐Valls, G. and Papale, D.},
  year = {2020},
  title = {Partitioning net carbon dioxide fluxes into photosynthesis and respiration using neural networks},
  volume = {26},
  pages = {5235–5253},
  doi = {10.1111/gcb.15203},
  language = {en},
  journal = {Global change biology},
  number = {9}
}

@article{tang2015drone,
  title={Drone remote sensing for forestry research and practices},
  author={Tang, Lina and Shao, Guofan},
  journal={Journal of Forestry Research},
  volume={26},
  pages={791--797},
  year={2015},
  publisher={Springer}
}

@article{trenberth1983seasons,
  title={What are the seasons?},
  author={Trenberth, Kevin E},
  journal={Bulletin of the American Meteorological Society},
  volume={64},
  number={11},
  pages={1276--1282},
  year={1983},
  publisher={American Meteorological Society}
}

@article{tucker1979red,
  title={Red and photographic infrared linear combinations for monitoring vegetation},
  author={Tucker, Compton J},
  journal={Remote sensing of Environment},
  volume={8},
  number={2},
  pages={127--150},
  year={1979},
  publisher={Elsevier}
}


@article{tuia2016domain,
  title={Domain adaptation for the classification of remote sensing data: An overview of recent advances},
  author={Tuia, Devis and Persello, Claudio and Bruzzone, Lorenzo},
  journal={IEEE geoscience and remote sensing magazine},
  volume={4},
  number={2},
  pages={41--57},
  year={2016},
  publisher={IEEE}
}

@article{trenberth1983seasons,
  title={What are the seasons?},
  author={Trenberth, Kevin E},
  journal={Bulletin of the American Meteorological Society},
  volume={64},
  number={11},
  pages={1276--1282},
  year={1983},
  publisher={American Meteorological Society}
}

@misc{tait2021dwtd,
  type = {Data Set},
  title = {Dynamic {{World}} Training Dataset for Global Land Use and Land Cover Categorization of Satellite Imagery},
  author = {Tait, Alexander M and Brumby, Steven P and Hyde, Samantha Brooks and Mazzariello, Joseph and Corcoran, Melanie},
  year = {2021},
  publisher = {{PANGAEA}},
  doi = {10.1594/PANGAEA.933475}
}

@article{tian2024urban,
  title={Urban green inequality and its mismatches with human demand across neighborhoods in New York, Amsterdam, and Beijing},
  author={Tian, Yunyu and van Leeuwen, Eveline and Tsendbazar, Nandin-erdene and Jing, Chuanbao and Herold, Martin},
  journal={Landscape Ecology},
  volume={39},
  number={3},
  pages={1--20},
  year={2024},
  publisher={Springer}
}

@inproceedings{tseng2021cropharvest,
  title={Cropharvest: A global dataset for crop-type classification},
  author={Tseng, Gabriel and Zvonkov, Ivan and Nakalembe, Catherine Lilian and Kerner, Hannah},
  booktitle={Thirty-fifth Conference on Neural Information Processing Systems Datasets and Benchmarks Track (Round 2)},
  year={2021}
}

@article{tsendbazar2015assessing,
  title={Assessing global land cover reference datasets for different user communities},
  author={Tsendbazar, NE and De Bruin, S and Herold, Martin},
  journal={ISPRS Journal of Photogrammetry and Remote Sensing},
  volume={103},
  pages={93--114},
  year={2015},
  publisher={Elsevier}
}

@article{tricht2023worldcereal,
    title = {{WorldCereal}: a dynamic open-source system for global-scale, seasonal, and reproducible crop and irrigation mapping},
    volume = {2023},
    url = {https://essd.copernicus.org/preprints/essd-2023-184/},
    doi = {10.5194/essd-2023-184},
    journal = {Earth System Science Data Discussions},
    author = {Van Tricht, K. and Degerickx, J. and Gilliams, S. and Zanaga, D. and Battude, M. and Grosu, A. and Brombacher, J. and Lesiv, M. and Bayas, J. C. L. and Karanam, S. and Fritz, S. and Becker-Reshef, I. and Franch, B. and Mollà-Bononad, B. and Boogaard, H. and Pratihast, A. K. and Szantoi, Z.},
    year = {2023},
    pages = {1--36},
}

@article{troltzsch2009spatial,
    title = {Spatial occurrence of major tree species groups in {Europe} derived from multiple data sources},
    volume = {257},
    issn = {03781127},
    url = {https://linkinghub.elsevier.com/retrieve/pii/S0378112708006828},
    doi = {10.1016/j.foreco.2008.09.012},
    language = {en},
    number = {1},
    urldate = {2023-07-17},
    journal = {Forest Ecology and Management},
    author = {Tröltzsch, Katja and Van Brusselen, Jo and Schuck, Andreas},
    year = {2009},
    pages = {294--302},
}

@article{tsendbazar2017integrating,
    title = {Integrating global land cover datasets for deriving user-specific maps},
    volume = {10},
    issn = {1753-8947},
    url = {https://doi.org/10.1080/17538947.2016.1217942},
    doi = {10.1080/17538947.2016.1217942},
    number = {3},
    urldate = {2023-08-21},
    journal = {International Journal of Digital Earth},
    author = {Tsendbazar, Nandin-Erdene and de Bruin, Sytze and Herold, Martin},
    year = {2017},
    publisher = {Taylor \& Francis},
    keywords = {data integration, Global land cover, LC proportion, user-specific legend},
    pages = {219--237}
}

@article{tsendbazar2021towards,
    title = {Towards operational validation of annual global land cover maps},
    volume = {266},
    issn = {00344257},
    url = {https://linkinghub.elsevier.com/retrieve/pii/S0034425721004065},
    doi = {10.1016/j.rse.2021.112686},
    language = {en},
    urldate = {2023-08-21},
    journal = {Remote Sensing of Environment},
    author = {Tsendbazar, N. and Herold, M. and Li, L. and Tarko, A. and De Bruin, S. and Masiliunas, D. and Lesiv, M. and Fritz, S. and Buchhorn, M. and Smets, B. and Van De Kerchove, R. and Duerauer, M.},
    year = {2021},
    pages = {112686},
}

% U

@article{unfccc2015adoption,
    title={Adoption of the Paris agreement},
    author={UNFCCC, V},
    journal={Proposal by the President},
    volume={282},
    pages={2},
    year={2015}
}

@misc{unstats2023sdgs,
    title={Global Indicator Framework for the Sustainable Development Goals and Targets of the 2030 Agenda for Sustainable Development},
    author={United Nations Statistics Division},
    year={2023},
    url={https://unstats.un.org/sdgs/indicators/Global\%20Indicator\%20Framework\%20after\%202023\%20refinement\_Eng.pdf}


}

@article{united2015paris,
    title={Paris agreement},
    author={United Nations},
    year={2015},
    publisher={United Nations New York, NY, USA}
}




@techreport{USGS2024LandsatNext,
  author = {{U.S. Geological Survey}},
  title = {Landsat Next},
  year = {2024},
  series = {Fact Sheet},
  number = {2024-3005},
  publisher = {U.S. Geological Survey},
  address = {Reston, VA},
  doi = {10.3133/fs20243005},
  url = {https://doi.org/10.3133/fs20243005},
  issn = {2327-6932 (online), 2327-6916 (print)},
  pages = {2},
  language = {English},
  howpublished = {\url{https://pubs.usgs.gov/fs/2024/3005/fs20243005.pdf}}
}


% V

@article{venter2021continentalscale,
  title={{Continental-scale land cover mapping at 10 m resolution over Europe (ELC10)}},
  author={Venter, Zander S and Sydenham, Markus AK},
  journal={Remote Sensing},
  volume={13},
  number={12},
  pages={2301},
  year={2021},
  publisher={Multidisciplinary Digital Publishing Institute}
}



@article{valle2023quantifying,
  title = {Quantifying Uncertainty in Land-Use Land-Cover Classification Using Conformal Statistics},
  author = {Valle, Denis and Izbicki, Rafael and Leite, Rodrigo Vieira},
  year = {2023},
  month = sep,
  journal = {Remote Sensing of Environment},
  volume = {295},
  pages = {113682},
  issn = {0034-4257},
  doi = {10.1016/j.rse.2023.113682},
  urldate = {2023-09-05},
  keywords = {Conformal statistics,Image classification,Land-use land-cover,LULC,Uncertainty quantification}
}


@article{venter2022global,
  title={{Global 10~m Land Use Land Cover Datasets: A Comparison of Dynamic World, World Cover and Esri Land Cover}},
  author={Venter, Zander S and Barton, David N and Chakraborty, Tirthankar and Simensen, Trond and Singh, Geethen},
  journal={Remote Sensing},
  volume={14},
  number={16},
  doi={10.3390/rs14164101},
  pages={4101},
  year={2022},
  publisher={MDPI}
}

@article{verburg2011challenges,
    title = {Challenges in using land use and land cover data for global change studies},
    volume = {17},
    copyright = {© 2010 Blackwell Publishing Ltd},
    issn = {1365-2486},
    url = {https://onlinelibrary.wiley.com/doi/abs/10.1111/j.1365-2486.2010.02307.x},
    doi = {10.1111/j.1365-2486.2010.02307.x},
    language = {en},
    number = {2},
    urldate = {2023-08-25},
    journal = {Global Change Biology},
    author = {Verburg, Peter H. and Neumann, Kathleen and Nol, Linda},
    year = {2011},
    note = {\_eprint: https://onlinelibrary.wiley.com/doi/pdf/10.1111/j.1365-2486.2010.02307.x},
    keywords = {climate change, emission inventory, integrated assessment, land cover, land use, spatial data},
    pages = {974--989},
}


@article{verhegghen2021accuracy,
    title={Accuracy Assessment of the First Eu-Wide Crop Type Map with Lucas Data},
    year={2021},
    author={Astrid Verhegghen and Raphaël d'Andrimont and François Waldner and Marijn van der Velde},
    doi={10.1109/igarss47720.2021.9553758},
    pmid={null},pmcid={null},
    mag_id={3205955761},
    journal={},
}

% W

@article{wagemann2021a,
  author={Wagemann, Julia and Siemen, Stephan and Seeger, Bernhard and Bendix, J{\"o}rg},
  title = {Users of open Big Earth data --- An analysis of the current state},
  journal = {Computers \& Geosciences},
  volume = {157},
  pages = {104916},
  year = {2021},
  issn = {0098-3004},
  doi = {10.1016/j.cageo.2021.104916}
}




@article{wadoux2019sampling,
  title = {Sampling Design Optimization for Soil Mapping with Random Forest},
  author = {Wadoux, Alexandre M. J-C. and Brus, Dick J. and Heuvelink, Gerard B. M.},
  year = {2019},
  month = dec,
  journal = {Geoderma},
  volume = {355},
  pages = {113913},
  issn = {0016-7061},
  doi = {10.1016/j.geoderma.2019.113913},
  urldate = {2023-09-15},
  keywords = {-means,Conditioned Latin Hypercube,LUCAS,Optimal design,Pedometrics,Random forest,Spatial coverage,Spatial simulated annealing,Uncertainty assessment}
}


@article{waldner2016towards,
    title = {Towards a set of agrosystem-specific cropland mapping methods to address the global cropland diversity},
    volume = {37},
    issn = {0143-1161},
    url = {https://doi.org/10.1080/01431161.2016.1194545},
    doi = {10.1080/01431161.2016.1194545},
    number = {14},
    urldate = {2023-08-22},
    journal = {International Journal of Remote Sensing},
    author = {Waldner, François and De Abelleyra, Diego and Verón, Santiago R. and Zhang, Miao and Wu, Bingfang and Plotnikov, Dmitry and Bartalev, Sergey and Lavreniuk, Mykola and Skakun, Sergii and Kussul, Nataliia and Le Maire, Guerric and Dupuy, Stéphane and Jarvis, Ian and Defourny, Pierre},
    month = jul,
    year = {2016},
    publisher = {Taylor \& Francis},
    pages = {3196--3231},
}

@article{waldner2017where,
    title = {Where can pixel counting area estimates meet user-defined accuracy requirements?},
    volume = {60},
    issn = {15698432},
    url = {https://linkinghub.elsevier.com/retrieve/pii/S0303243417300776},
    doi = {10.1016/j.jag.2017.03.014},
    language = {en},
    urldate = {2023-03-20},
    journal = {International Journal of Applied Earth Observation and Geoinformation},
    author = {Waldner, François and Defourny, Pierre},
    month = aug,
    year = {2017},
    pages = {1--10},
}

@article{weiss2004mining,
  title={Mining with rarity: a unifying framework},
  author={Weiss, Gary M},
  journal={ACM Sigkdd Explorations Newsletter},
  volume={6},
  number={1},
  pages={7--19},
  year={2004},
  publisher={ACM New York, NY, USA}
}

@inproceedings{wehrmann2018hierarchical,
  title={Hierarchical multi-label classification networks},
  author={Wehrmann, Jonatas and Cerri, Ricardo and Barros, Rodrigo},
  booktitle={International conference on machine learning},
  pages={5075--5084},
  year={2018},
  organization={PMLR}
}

@article{winkler2021global,
    title = {Global land use changes are four times greater than previously estimated},
    volume = {12},
    copyright = {2021 The Author(s)},
    issn = {2041-1723},
    url = {https://www.nature.com/articles/s41467-021-22702-2},
    doi = {10.1038/s41467-021-22702-2},
    language = {en},
    number = {1},
    urldate = {2023-08-21},
    journal = {Nature Communications},
    author = {Winkler, Karina and Fuchs, Richard and Rounsevell, Mark and Herold, Martin},
    month = may,
    year = {2021},
    publisher = {Nature Publishing Group},
    keywords = {Agriculture, Climate-change mitigation, Environmental impact, Geography},
    pages = {2501},
}

@article{witjes2022spatiotemporal,
    author+an = {1=highlight},
    title={A spatiotemporal ensemble machine learning framework for generating land use/land cover time-series maps for Europe (2000--2019) based on LUCAS, CORINE and GLAD Landsat},
    author={Witjes, Martijn and Parente, Leandro and van Diemen, Chris J and Hengl, Tomislav and Landa, Martin and Brodsk{\`y}, Luk{\'a}{\v{s}} and Halounova, Lena and Kri{\v{z}}an, Josip and Antoni{\'c}, Luka and Ilie, Codrina Maria and Craciunescu, Vasile and Kilibarda, Milan and Antonijevi{\'c}, Ognjen and Glu{\v{s}}ica, Luka},
    journal={PeerJ},
    volume={10},
    pages={e13573},
    doi={10.7717/peerj.13573},
    year={2022},
    publisher={PeerJ Inc.}
    }

@article{witjes2023ecodatacube,
    author+an = {1=highlight},
    title = {{Ecodatacube. eu: Analysis-ready open environmental data cube for Europe}},
    author = {Witjes, Martijn and Parente, Leandro and Kri{\v{z}}an, Josip and Hengl, Tomislav and Antoni{\'c}, Luka}, 
    journal	= {PeerJ},
    volume	= {11},
    pages = {e15478},
    year = {2023},
    doi = {https://doi.org/10.7717/peerj.15478}
    }

@article{witjes2024iterative,
    author+an = {1=highlight},
  title={Iterative mapping of probabilities: A data fusion framework for generating accurate land cover maps that match area statistics},
  author={Witjes, Martijn and Herold, Martin and de Bruin, Sytze},
  journal={International Journal of Applied Earth Observation and Geoinformation},
  volume={131},
  pages={103932},
  year={2024},
  publisher={Elsevier}
}
   

@misc{witjes2024hierarchical,
    author+an = {1=highlight},
    author = {Witjes, Martijn and Simoes, Rolf and Sahin, Murat and Kroodsma, Maya},
    title = {Hierarchical Selective Classification},	
    journal = {TBD},
    year = {2024}
    }       


@article{white2016emote,
    title = {Remote {{Sensing Technologies}} for {{Enhancing Forest Inventories}}: {{A Review}}},
    shorttitle = {Remote {{Sensing Technologies}} for {{Enhancing Forest Inventories}}},
    author = {White, Joanne C. and Coops, Nicholas C. and Wulder, Michael A. and Vastaranta, Mikko and Hilker, Thomas and Tompalski, Piotr},
    year = {2016},
    month = sep,
    journal = {Canadian Journal of Remote Sensing},
    volume = {42},
    number = {5},
    pages = {619--641},
    issn = {0703-8992, 1712-7971},
    doi = {10.1080/07038992.2016.1207484},
    urldate = {2018-07-18},
    langid = {english}
}

% X

@article{xu20183d,
  title={A 3D convolutional neural network method for land cover classification using LiDAR and multi-temporal Landsat imagery},
  author={Xu, Zewei and Guan, Kaiyu and Casler, Nathan and Peng, Bin and Wang, Shaowen},
  journal={ISPRS journal of photogrammetry and remote sensing},
  volume={144},
  pages={423--434},
  year={2018},
  publisher={Elsevier}
}


@article{xiong2020modis,
  title={MODIS and VIIRS calibration history and future outlook},
  author={Xiong, Xiaoxiong and Butler, James J},
  journal={Remote Sensing},
  volume={12},
  number={16},
  pages={2523},
  year={2020},
  publisher={MDPI}
}

@article{xu2021towards,
  title={Towards interpreting multi-temporal deep learning models in crop mapping},
  author={Xu, Jinfan and Yang, Jie and Xiong, Xingguo and Li, Haifeng and Huang, Jingfeng and Ting, KC and Ying, Yibin and Lin, Tao},
  journal={Remote Sensing of Environment},
  volume={264},
  pages={112599},
  year={2021},
  publisher={Elsevier}
}

@article{xu2022time,
    title = {Time Series Analysis for Global Land Cover Change Monitoring: {{A}} Comparison across Sensors},
    shorttitle = {Time Series Analysis for Global Land Cover Change Monitoring},
    author = {Xu, Lili and Herold, Martin and Tsendbazar, Nandin-Erdene and Masili{\=u}nas, Dainius and Li, Linlin and Lesiv, Myroslava and Fritz, Steffen and Verbesselt, Jan},
    year = {2022},
    month = mar,
    journal = {Remote Sensing of Environment},
    volume = {271},
    pages = {112905},
    issn = {00344257},
    doi = {10.1016/j.rse.2022.112905},
    urldate = {2023-08-21},
    langid = {english},
    keywords = {BFAST,Landsat OLI,PROBA-V,Random Forest,Sentinel-2}
}

% Y



@article{yokoyama2002visualizing,
  title={Visualizing topography by openness: A new application of image processing to digital elevation models},
  author={Yokoyama, Ryuzo and Shirasawa, Michio and Pike, Richard J},
  journal={Photogrammetric Engineering and Remote Sensing},
  volume={68},
  number={3},
  pages={257--265},
  year={2002},
  publisher={American Society for Photogrammetry and Remote Sensing},
  issn={0099-1112},
  location={Bethesda, MD}
}

@article{you2014generating,
  title={Generating global crop distribution maps: From census to grid},
  author={You, Liangzhi and Wood, Stanley and Wood-Sichra, Ulrike and Wu, Wenbin},
  journal={Agricultural Systems},
  volume={127},
  pages={53--60},
  year={2014},
  publisher={Elsevier}
}

@article{you2022mapping,
  title={Mapping global cropping system: Challenges, opportunities, and future perspectives},
  author={You, Liangzhi and Sun, Zhanli},
  journal={Crop and Environment},
  volume={1},
  number={1},
  pages={68--73},
  year={2022},
  publisher={Elsevier}
}

% Z

@article{zanaga2022esa,
    title={ESA WorldCover 10 m 2021 v200},
    author={Zanaga, Daniele and Van De Kerchove, Ruben and Daems, Dirk and De Keersmaecker, Wanda and Brockmann, Carsten and Kirches, Grit and Wevers, Jan and Cartus, Oliver and Santoro, Maurizio and Fritz, Steffen and others},
    year={2022}
}

@article{zhu2016optimizing,
    title = {Optimizing selection of training and auxiliary data for operational land cover classification for the {LCMAP} initiative},
    volume = {122},
    issn = {0924-2716},
    url = {https://www.sciencedirect.com/science/article/pii/S0924271616302829},
    doi = {10.1016/j.isprsjprs.2016.11.004},
    urldate = {2023-08-22},
    journal = {ISPRS Journal of Photogrammetry and Remote Sensing},
    author = {Zhu, Zhe and Gallant, Alisa L. and Woodcock, Curtis E. and Pengra, Bruce and Olofsson, Pontus and Loveland, Thomas R. and Jin, Suming and Dahal, Devendra and Yang, Limin and Auch, Roger F.},
    month = dec,
    year = {2016},
    keywords = {Auxiliary data, Continuous Change Detection and Classification (CCDC), Land cover classification, Landsat, Training strategy},
    pages = {206--221},
}


# EML LULC

% % When adding entries, please:
% %   1) name entries like this: [last name of first author][year][first word of title]
% %   2) place the entry in alphabetical order (based on author name)

@book{arino2012global,
  title={{Global land cover map for 2009 (GlobCover 2009)}},
  author={Arino, Olivier and Ramos Perez, Jose Julio and Kalogirou, Vasileios and Bontemps, Sophie and Defourny, Pierre and {Van Bogaert}, Eric},
  year={2012},
  publisher={European Space Agency (ESA) \& Universit{\'e} catholique de Louvain (UCL)}
}

@article{batista2013procedure,
  title={A procedure to obtain a refined European land use/cover map},
  author={Batista e Silva, Filipe and Lavalle, Carlo and Koomen, Eric},
  journal={Journal of Land Use Science},
  volume={8},
  number={3},
  pages={255--283},
  year={2013},
  publisher={Taylor \& Francis}
}

@book{bossard2000,
  title={CORINE land cover technical guide: Addendum 2000},
  author={Bossard, M and Feranec, Jan and Otahel, J and others},
  volume={40},
  year={2000},
  publisher={European Environment Agency},
  address={Copenhagen},
}

@article{breiman2001random,
  title={Random forests},
  author={Breiman, Leo},
  journal={Machine learning},
  volume={45},
  number={1},
  pages={5--32},
  year={2001},
  publisher={Springer}
}

@article{buchhorn2020copernicus,
  title={{Copernicus global land cover layers -- Collection 2}},
  author={Buchhorn, Marcel and Lesiv, Myroslava and Tsendbazar, Nandin-Erdene and Herold, Martin and Bertels, Luc and Smets, Bruno},
  journal={Remote Sensing},
  volume={12},
  number={6},
  pages={1044},
  year={2020},
  publisher={Multidisciplinary Digital Publishing Institute}
}

@incollection{buttner2014corine,
  title={CORINE land cover and land cover change products},
  author={B{\"u}ttner, Gy{\"o}rgy},
  booktitle={Land use and land cover mapping in Europe},
  pages={55--74},
  year={2014},
  publisher={Springer}
}

@book{buck, 
  title={{Analysis of the LUCAS nomenclature and proposal for adaptation of the nomenclature in view of its use by the Copernicus land monitoring services}}, 
  author={Buck, O. and C. Haub and S. Woditsch and Lindemann, M.D. and L. Kleinwillingh{\"o}fer and G.W. Hazeu and B. Kosztra and S. Kleeschulte and S. Arnold and M. H{\"o}lzl}, 
  note={Technical Report, European Environment Agency and the European Environment Information and Observation Network}, 
  year = {2015}, 
  publisher = {EEA - European Environment Agency},
  address = {Copenhagen},
}

@article{buus2006snow,
  title={Snow-vegetation relations in a High Arctic ecosystem: Inter-annual variability inferred from new monitoring and modeling concepts},
  author={Buus-Hinkler, J{\o}rgen and Hansen, Birger U and Tamstorf, Mikkel P and Pedersen, Steen B},
  journal={Remote Sensing of Environment},
  volume={105},
  number={3},
  pages={237--247},
  year={2006},
  publisher={Elsevier}
}


@article{buyantuyev2007effects,
  title={Effects of thematic resolution on landscape pattern analysis},
  author={Buyantuyev, Alexander and Wu, Jianguo},
  journal={Landscape Ecology},
  volume={22},
  number={1},
  pages={7--13},
  year={2007},
  publisher={Springer}
}




@article{feng2019global,
  title={A global land cover map produced through integrating multi-source datasets},
  author={Feng, Min and Bai, Yan},
  journal={Big Earth Data},
  volume={3},
  number={3},
  pages={191--219},
  year={2019},
  publisher={Taylor \& Francis}
}

@article{gao2020consistency,
  title={Consistency Analysis and Accuracy Assessment of Three Global 30-m Land-Cover Products over the European Union using the {LUCAS} Dataset},
  author={Gao, Yuan and Liu, Liangyun and Zhang, Xiao and Chen, Xidong and Mi, Jun and Xie, Shuai},
  journal={Remote Sensing},
  volume={12},
  number={21},
  pages={3479},
  year={2020},
  publisher={Multidisciplinary Digital Publishing Institute}
}



@article{kilibarda2014spatio,
  title={Spatio-temporal interpolation of daily temperatures for global land areas at 1 km resolution},
  author={Kilibarda, Milan and Hengl, Tomislav and Heuvelink, Gerard BM and Gr{\"a}ler, Benedikt and Pebesma, Edzer and Per{\v{c}}ec Tadi{\'c}, Melita and Bajat, Branislav},
  journal={Journal of Geophysical Research: Atmospheres},
  volume={119},
  number={5},
  pages={2294--2313},
  year={2014},
  publisher={Wiley Online Library}
}

@book{seni2010ensemble,
  title={Ensemble Methods in Data Mining: Improving Accuracy Through Combining Predictions},
  author={Seni, G. and Elder, J.F.},
  isbn={9781608452842},
  series={Synthesis lectures on data mining and knowledge discovery},
  year={2010},
  publisher={Morgan \& Claypool Publishers}
}



@book{geron2019hands,
  title={{Hands-on machine learning with Scikit-Learn, Keras, and TensorFlow: Concepts, tools, and techniques to build intelligent systems}},
  author={G{\'e}ron, Aur{\'e}lien},
  year={2019},
  publisher={O'Reilly Media}
}

@article{carmel2001combining,
  title={Combining location and classification error sources for estimating multi-temporal database accuracy},
  author={Carmel, Yohay and Dean, Dennis J and Flather, Curtis H},
  journal={Photogrammetric Engineering and Remote Sensing. 67 (7): 865-872.},
  volume={67},
  number={7},
  pages={865--872},
  year={2001}
}

@article{castilla2009impact,
  title={The impact of thematic resolution on the patch-mosaic model of natural landscapes},
  author={Castilla, Guillermo and Larkin, Kerry and Linke, Julia and Hay, Geoffrey J},
  journal={Landscape Ecology},
  volume={24},
  number={1},
  pages={15--23},
  year={2009},
  publisher={Springer}
}

@article{ceccherini2020abrupt,
  title={Abrupt increase in harvested forest area over Europe after 2015},
  author={Ceccherini, Guido and Duveiller, Gregory and Grassi, Giacomo and Lemoine, Guido and Avitabile, Valerio and Pilli, Roberto and Cescatti, Alessandro},
  journal={Nature},
  volume={583},
  number={7814},
  pages={72--77},
  year={2020},
  publisher={Nature Publishing Group}
}

@article{cui2024scgpt,
  title={scGPT: toward building a foundation model for single-cell multi-omics using generative AI},
  author={Cui, Haotian and Wang, Chloe and Maan, Hassaan and Pang, Kuan and Luo, Fengning and Duan, Nan and Wang, Bo},
  journal={Nature Methods},
  pages={1--11},
  year={2024},
  publisher={Nature Publishing Group US New York}
}



@misc{coperhcl2021,
  author = {Copernicus},
  title = {Pan-European High Resolution Layers},
  year={2021},
  month={03},
  url = {https://land.copernicus.eu/pan-european/high-resolution-layers},
  note = {Data retrieved from Copernicus Land Monitoring Service},
}

@article{conway2009impact,
  title={The impact of class resolution in land use change models},
  author={Conway, TM},
  journal={Computers, Environment and Urban Systems},
  volume={33},
  number={4},
  pages={269--277},
  year={2009},
  publisher={Elsevier}
}





@article{foley2005global,
  title={Global consequences of land use},
  author={Foley, Jonathan A and DeFries, Ruth and Asner, Gregory P and Barford, Carol and Bonan, Gordon and Carpenter, Stephen R and Chapin, F Stuart and Coe, Michael T and Daily, Gretchen C and Gibbs, Holly K and others},
  journal={Science},
  volume={309},
  number={5734},
  pages={570--574},
  year={2005},
  publisher={American Association for the Advancement of Science}
}


@article{giuliani2017building,
  title={Building an earth observations data cube: lessons learned from the swiss data cube (sdc) on generating analysis ready data (ard)},
  author={Giuliani, Gregory and Chatenoux, Bruno and De Bono, Andrea and Rodila, Denisa and Richard, Jean-Philippe and Allenbach, Karin and Dao, Hy and Peduzzi, Pascal},
  journal={Big Earth Data},
  volume={1},
  number={1-2},
  pages={100--117},
  year={2017},
  publisher={Taylor \& Francis}
}

@article{gislason2006random,
  title={Random forests for land cover classification},
  author={Gislason, Pall Oskar and Benediktsson, Jon Atli and Sveinsson, Johannes R},
  journal={Pattern Recognition Letters},
  volume={27},
  number={4},
  pages={294--300},
  year={2006},
  publisher={Elsevier}
}

@article{gong2019stable,
    title = {Stable classification with limited sample: transferring a 30-m resolution sample set collected in 2015 to mapping 10-m resolution global land cover in 2017},
    journal = {Science Bulletin},
    volume = {64},
    number = {6},
    pages = {370-373},
    year = {2019},
    issn = {2095-9273},
    doi = {10.1016/j.scib.2019.03.002},
    url = {https://www.sciencedirect.com/science/article/pii/S2095927319301380},
    author = {Peng Gong and Han Liu and Meinan Zhang and Congcong Li and Jie Wang and Huabing Huang and Nicholas Clinton and Luyan Ji and Wenyu Li and Yuqi Bai and Bin Chen and Bing Xu and Zhiliang Zhu and Cui Yuan and Hoi {Ping Suen} and Jing Guo and Nan Xu and Weijia Li and Yuanyuan Zhao and Jun Yang and Chaoqing Yu and Xi Wang and Haohuan Fu and Le Yu and Iryna Dronova and Fengming Hui and Xiao Cheng and Xueli Shi and Fengjin Xiao and Qiufeng Liu and Lianchun Song}
}

@article{herold2008some,
  title={Some challenges in global land cover mapping: An assessment of agreement and accuracy in existing 1 km datasets},
  author={Herold, M and Mayaux, P and Woodcock, CE and Baccini, A and Schmullius, C},
  journal={Remote Sensing of Environment},
  volume={112},
  number={5},
  pages={2538--2556},
  year={2008},
  publisher={Elsevier}
}

@article{houghton2012carbon,
  title={Carbon emissions from land use and land-cover change},
  author={Houghton, Richard A and House, Jo I and Pongratz, Julia and {Van Der Werf}, Guido R and DeFries, Ruth S and Hansen, Mathew C and Qu{\'e}r{\'e}, C Le and Ramankutty, Navin},
  journal={Biogeosciences},
  volume={9},
  number={12},
  pages={5125--5142},
  year={2012},
  publisher={Copernicus GmbH}
}



@article{kaplan2011holocene,
  title={Holocene carbon emissions as a result of anthropogenic land cover change},
  author={Kaplan, Jed O and Krumhardt, Kristen M and Ellis, Erle C and Ruddiman, William F and Lemmen, Carsten and Goldewijk, Kees Klein},
  journal={The Holocene},
  volume={21},
  number={5},
  pages={775--791},
  year={2011},
  publisher={Sage Publications Sage UK: London, England}
}




@article{picard2021recent,
  title={Recent increase in European forest harvests as based on area estimates (Ceccherini et al. 2020a) not confirmed in the French case},
  author={Picard, Nicolas and Leban, Jean-Michel and Guehl, Jean-Marc and Dreyer, Erwin and Bouriaud, Olivier and Bontemps, Jean-Daniel and Landmann, Guy and Colin, Antoine and Peyron, Jean-Luc and Marty, Pascal},
  journal={Annals of Forest Science},
  volume={78},
  number={1},
  pages={1--5},
  year={2021},
  publisher={Springer}
}

@article{neinavaz2021thermal,
  title={Thermal infrared remote sensing of vegetation: Current status and perspectives},
  author={Neinavaz, Elnaz and Schlerf, Martin and Darvishzadeh, Roshanak and Gerhards, Max and Skidmore, Andrew K},
  journal={International Journal of Applied Earth Observation and Geoinformation},
  volume={102},
  pages={102415},
  year={2021},
  publisher={Elsevier}
}

@article{demarquet2023long,
  title={Long-term wetland monitoring using the landsat archive: A review},
  author={Demarquet, Quentin and Rapinel, S{\'e}bastien and Dufour, Simon and Hubert-Moy, Laurence},
  journal={Remote Sensing},
  volume={15},
  number={3},
  pages={820},
  year={2023},
  publisher={MDPI}
}

@article{maceachren1982map,
  title={Map complexity: Comparison and measurement},
  author={MacEachren, Alan M},
  journal={The American Cartographer},
  volume={9},
  number={1},
  pages={31--46},
  year={1982},
  publisher={Taylor \& Francis}
}

@article{rodriguez2024classification,
  title={Classification of agricultural land management systems for global modeling of biodiversity and ecosystem services},
  author={Rodr{\'\i}guez, Susana L{\'o}pez and van Bussel, Lenny GJ and Alkemade, Rob},
  journal={Agriculture, Ecosystems \& Environment},
  volume={360},
  pages={108795},
  year={2024},
  publisher={Elsevier}
}

@article{tong2020forgotten,
  title={The forgotten land use class: Mapping of fallow fields across the Sahel using Sentinel-2},
  author={Tong, Xiaoye and Brandt, Martin and Hiernaux, Pierre and Herrmann, Stefanie and Rasmussen, Laura Vang and Rasmussen, Kjeld and Tian, Feng and Tagesson, Torbern and Zhang, Wenmin and Fensholt, Rasmus},
  journal={Remote Sensing of Environment},
  volume={239},
  pages={111598},
  year={2020},
  publisher={Elsevier}
}

@article{russwurm2023end,
  title={End-to-end learned early classification of time series for in-season crop type mapping},
  author={Ru{\ss}wurm, Marc and Courty, Nicolas and Emonet, R{\'e}mi and Lef{\`e}vre, S{\'e}bastien and Tuia, Devis and Tavenard, Romain},
  journal={ISPRS Journal of Photogrammetry and Remote Sensing},
  volume={196},
  pages={445--456},
  year={2023},
  publisher={Elsevier}
}

@inproceedings{declerq1995choropleth,
  title={Choropleth map accuracy and the number of class intervals},
  author={Declerq, FAN},
  booktitle={Proceedings of the 17th Conference and the 10th General Assembly of the International Cartographic Association},
  volume={1},
  pages={918--22},
  year={1995},
  organization={Institute Cartogr{\`a}fic de Catalunya Barcelona}
}

@article{fitoka2020water,
  title={Water-related ecosystems' mapping and assessment based on remote sensing techniques and geospatial analysis: The SWOS national service case of the Greek Ramsar sites and their catchments},
  author={Fitoka, Eleni and Tompoulidou, Maria and Hatziiordanou, Lena and Apostolakis, Antonis and H{\"o}fer, Rene and Weise, Kathrin and Ververis, Charalampos},
  journal={Remote Sensing of Environment},
  volume={245},
  pages={111795},
  year={2020},
  publisher={Elsevier}
}

@Article{hennessy2020hyperspectral,
AUTHOR = {Hennessy, Andrew and Clarke, Kenneth and Lewis, Megan},
TITLE = {Hyperspectral Classification of Plants: A Review of Waveband Selection Generalisability},
JOURNAL = {Remote Sensing},
VOLUME = {12},
YEAR = {2020},
NUMBER = {1},
ARTICLE-NUMBER = {113},
URL = {https://www.mdpi.com/2072-4292/12/1/113},
ISSN = {2072-4292},
ABSTRACT = {Hyperspectral sensing, measuring reflectance over visible to shortwave infrared wavelengths, has enabled the classification and mapping of vegetation at a range of taxonomic scales, often down to the species level. Classification with hyperspectral measurements, acquired by narrow band spectroradiometers or imaging sensors, has generally required some form of spectral feature selection to reduce the dimensionality of the data to a level suitable for the construction of a classification model. Despite the large number of hyperspectral plant classification studies, an in-depth review of feature selection methods and resultant waveband selections has not yet been performed. Here, we present a review of the last 22 years of hyperspectral vegetation classification literature that evaluates the overall waveband selection frequency, waveband selection frequency variation by taxonomic, structural, or functional group, and the influence of feature selection choice by comparing such methods as stepwise discriminant analysis (SDA), support vector machines (SVM), and random forests (RF). This review determined that all characteristics of hyperspectral plant studies influence the wavebands selected for classification. This includes the taxonomic, structural, and functional groups of the target samples, the methods, and scale at which hyperspectral measurements are recorded, as well as the feature selection method used. Furthermore, these influences do not appear to be consistent. Moreover, the considerable variability in waveband selection caused by the feature selectors effectively masks the analysis of any variability between studies related to plant groupings. Additionally, questions are raised about the suitability of SDA as a feature selection method, with it producing waveband selections at odds with the other feature selectors. Caution is recommended when choosing a feature selector for hyperspectral plant classification: We recommend multiple methods being performed. The resultant sets of selected spectral features can either be evaluated individually by multiple classification models or combined as an ensemble for evaluation by a single classifier. Additionally, we suggest caution when relying upon waveband recommendations from the literature to guide waveband selections or classifications for new plant discrimination applications, as such recommendations appear to be weakly generalizable between studies.},
DOI = {10.3390/rs12010113}
}




@inproceedings{pebesma2018openeo,
  title={openEO: an open API for cloud-based big Earth Observation processing platforms},
  author={Pebesma, Edzer and Wagner, Wolfgang and Soille, Pierre and Kadunc, Miha and Gorelick, Noel and Schramm, Matthias and Verbesselt, Jan and Reiche, Johannes and Appel, Marius and Dries, Jeroen and others},
  booktitle={EGU General Assembly Conference Abstracts},
  pages={4957},
  year={2018}
}

@article{pedregosa2011scikit,
  title={{Scikit-learn: Machine learning in Python}},
  author={Pedregosa, Fabian and Varoquaux, Ga{\"e}l and Gramfort, Alexandre and Michel, Vincent and Thirion, Bertrand and Grisel, Olivier and Blondel, Mathieu and Prettenhofer, Peter and Weiss, Ron and Dubourg, Vincent and others},
  journal={Journal of machine learning research},
  volume={12},
  pages={2825--2830},
  year={2011},
  publisher={JMLR.org}
}



@article{van2019does,
  title={How Does Land Use/Land Cover Map's Accuracy Depend on Number of Classification Classes?},
  author={{Van Thinh}, Truong and Cao Duong, Phan and Nishida Nasahara, Kenlo and others},
  journal={SOLA},
  volume={15},
  pages={28--31},
  year={2019},
  publisher={Meteorological Society of Japan}
}





@article{li2018gross,
  title={Gross and net land cover changes in the main plant functional types derived from the annual ESA CCI land cover maps (1992--2015)},
  author={Li, Wei and MacBean, Natasha and Ciais, Philippe and Defourny, Pierre and Lamarche, C{\'e}line and Bontemps, Sophie and Houghton, Richard A and Peng, Shushi},
  journal={Earth System Science Data},
  volume={10},
  number={1},
  pages={219--234},
  year={2018},
  publisher={Copernicus GmbH}
}

@book{lovelace2019geocomputation,
  title={{Geocomputation with R}},
  author={Lovelace, R. and Nowosad, J. and Muenchow, J.},
  isbn={9781351396905},
  series={Chapman \& Hall/CRC The R Series},
    year={2019},
  publisher={CRC Press}
}
% 
@article{roberts2017cross,
  title={Cross-validation strategies for data with temporal, spatial, hierarchical, or phylogenetic structure},
  author={Roberts, David R and Bahn, Volker and Ciuti, Simone and Boyce, Mark S and Elith, Jane and Guillera-Arroita, Gurutzeta and Hauenstein, Severin and Lahoz-Monfort, Jos{\'e} J and Schr{\"o}der, Boris and Thuiller, Wilfried and others},
  journal={Ecography},
  volume={40},
  number={8},
  pages={913--929},
  year={2017},
  publisher={Wiley Online Library}
}

@article{powers2018open,
  author = {Powers, Stephen M. and Hampton, Stephanie E.},
  title = {Open science, reproducibility, and transparency in ecology},
  journal = {Ecological Applications},
  volume = {29},
  number = {1},
  pages = {e01822},
  year = {2018},
  doi = {10.1002/eap.1822},
  url = {https://doi.org/10.1002/eap.1822}
}


@article{treves2022best,
  author = {Treves, Adrian},
  title = {Best available science and the reproducibility crisis},
  journal = {Frontiers in Ecology and the Environment},
  volume = {20},
  number = {9},
  pages = {495-495},
  year = {2022},
  doi = {10.1002/fee.2568},
  url = {https://doi.org/10.1002/fee.2568}
}

@incollection{garcia2022global,
  title={Global General Land Use Cover Datasets with a Time Series of Maps},
  author={Garc{\'\i}a-{\'A}lvarez, David and Lara Hinojosa, Javier and Jurado P{\'e}rez, Francisco Jos{\'e} and Quintero Villaraso, Jaime},
  booktitle={Land Use Cover Datasets and Validation Tools: Validation Practices with QGIS},
  pages={287--311},
  year={2022},
  publisher={Springer International Publishing Cham}
}

@article{radeloff2024need,
  title={Need and vision for global medium-resolution Landsat and Sentinel-2 data products},
  author={Radeloff, Volker C and Roy, David P and Wulder, Michael A and Anderson, Martha and Cook, Bruce and Crawford, Christopher J and Friedl, Mark and Gao, Feng and Gorelick, Noel and Hansen, Matthew and others},
  journal={Remote Sensing of Environment},
  volume={300},
  pages={113918},
  year={2024},
  publisher={Elsevier}
}


@article{zhang2020glcfcs30,
  title={{GLC\_FCS30: Global land-cover product with fine classification system at 30 m using time-series Landsat imagery}},
  author={Zhang, Xiao and Liu, Liangyun and Chen, Xidong and Gao, Yuan and Xie, Shuai and Mi, Jun},
  journal={Earth System Science Data Discussions},
  pages={1--31},
  year={2020},
  publisher={Copernicus GmbH}
}

@dataset{liangyun2019dataset,
  author       = {Liangyun,Liu and
                  Yuan,Gao and
                  Xiao, Zhang and
                  Xidong, Chen and
                  Shuai, Xie},
  title        = {A Dataset of Global Land Cover Validation Samples},
  month        = nov,
  year         = 2019,
  publisher    = {Zenodo},
  version      = {v1},
  doi          = {10.5281/zenodo.3551995},
  url          = {https://doi.org/10.5281/zenodo.3551995}
}

@article{dandrimont2021lucas,
  title={LUCAS Copernicus 2018: Earth-observation-relevant in situ data on land cover and use throughout the European Union},
  author={d'Andrimont, Rapha{\"e}l and Verhegghen, Astrid and Meroni, Michele and Lemoine, Guido and Strobl, Peter and Eiselt, Beatrice and Yordanov, Momchil and Martinez-Sanchez, Laura and {van der Velde}, Marijn},
  journal={Earth System Science Data},
  volume={13},
  number={3},
  pages={1119--1133},
  year={2021},
  publisher={Copernicus GmbH}
}

@article{dandrimont2021parcel,
  title={From parcel to continental scale--A first European crop type map based on Sentinel-1 and LUCAS Copernicus in-situ observations},
  author={d’Andrimont, Rapha{\"e}l and Verhegghen, Astrid and Lemoine, Guido and Kempeneers, Pieter and Meroni, Michele and Van Der Velde, Marijn},
  journal={Remote sensing of environment},
  volume={266},
  pages={112708},
  year={2021},
  publisher={Elsevier}
}

@article{vilar2019comparative,
    title = {Comparative analysis of CORINE and climate change initiative land cover maps in Europe: Implications for wildfire occurrence estimation at regional and local scales},
    journal = {International Journal of Applied Earth Observation and Geoinformation},
    volume = {78},
    pages = {102-117},
    year = {2019},
    issn = {0303-2434},
    doi = {10.1016/j.jag.2019.01.019},
    url = {https://www.sciencedirect.com/science/article/pii/S0303243418311243},
    author = {L. Vilar and J. Garrido and P. Echavarría and J. Martínez-Vega and M.P. Martín},
    publisher={Elsevier}
    }

@article{liu2021finer,
  title={Finer-Resolution Mapping of Global Land Cover: Recent Developments, Consistency Analysis, and Prospects},
  author={Liu, Liangyun and Zhang, Xiao and Gao, Yuan and Chen, Xidong and Shuai, Xie and Mi, Jun},
  journal={Journal of Remote Sensing},
  volume={2021},
  year={2021},
  publisher={Science Partner Journal}
}



@article{tsendbazar2018developing,
  title={Developing and applying a multi-purpose land cover validation dataset for Africa},
  author={Tsendbazar, NE and Herold, M and De Bruin, S and Lesiv, M and Fritz, S and {Van De Kerchove}, R and Buchhorn, M and Duerauer, M and Szantoi, Z and Pekel, J-F},
  journal={Remote Sensing of Environment},
  volume={219},
  pages={298--309},
  year={2018},
  publisher={Elsevier}
}





@article{pflugmacher2019mapping,
  title={{Mapping pan-European land cover using Landsat spectral-temporal metrics and the European LUCAS survey}},
  author={Pflugmacher, Dirk and Rabe, Andreas and Peters, Mathias and Hostert, Patrick},
  journal={Remote sensing of environment},
  volume={221},
  pages={583--595},
  year={2019},
  publisher={Elsevier}
}



@article{malinowski2020,
  title={Automated production of a land cover/use map of Europe based on Sentinel-2 imagery},
  author={Malinowski, Radek and Lewi{\'n}ski, Stanis{\l}aw and Rybicki, Marcin and Gromny, Ewa and Jenerowicz, Ma{\l}gorzata and Krupi{\'n}ski, Micha{\l} and Nowakowski, Artur and Wojtkowski, Cezary and Krupi{\'n}ski, Marcin and Kr{\"a}tzschmar, Elke and others},
  journal={Remote Sensing},
  volume={12},
  number={21},
  pages={3523},
  year={2020},
  publisher={Multidisciplinary Digital Publishing Institute}
}

@article{mcculloch1943logical,
  title={A logical calculus of the ideas immanent in nervous activity},
  author={McCulloch, Warren S and Pitts, Walter},
  journal={The bulletin of mathematical biophysics},
  volume={5},
  number={4},
  pages={115--133},
  year={1943},
  publisher={Springer}
} 

@article{olofsson2014good,
  title={Good practices for estimating area and assessing accuracy of land change},
  author={Olofsson, Pontus and Foody, Giles M and Herold, Martin and Stehman, Stephen V and Woodcock, Curtis E and Wulder, Michael A},
  journal={Remote Sensing of Environment},
  volume={148},
  pages={42--57},
  year={2014},
  publisher={Elsevier}
}


article{pekel2016high,
  title={High-resolution mapping of global surface water and its long-term changes},
  author={Pekel, Jean-Fran{\c{c}}ois and Cottam, Andrew and Gorelick, Noel and Belward, Alan S},
  journal={Nature},
  volume={540},
  number={7633},
  pages={418--422},
  year={2016},
  publisher={Nature Publishing Group}
}



@article{roman2018nasa,
  title={NASA's Black Marble nighttime lights product suite},
  author={Rom{\'a}n, Miguel O and Wang, Zhuosen and Sun, Qingsong and Kalb, Virginia and Miller, Steven D and Molthan, Andrew and Schultz, Lori and Bell, Jordan and Stokes, Eleanor C and Pandey, Bhartendu and others},
  journal={Remote Sensing of Environment},
  volume={210},
  pages={113--143},
  year={2018},
  publisher={Elsevier}
}

@article{potapov2020landsat,
  title={Landsat analysis ready data for global land cover and land cover change mapping},
  author={Potapov, Peter and Hansen, Matthew C and Kommareddy, Indrani and Kommareddy, Anil and Turubanova, Svetlana and Pickens, Amy and Adusei, Bernard and Tyukavina, Alexandra and Ying, Qing},
  journal={Remote Sensing},
  volume={12},
  number={3},
  pages={426},
  year={2020},
  publisher={Multidisciplinary Digital Publishing Institute}
}

@article{potapov2022global,
  title={The global 2000-2020 land cover and land use change dataset derived from the Landsat archive: first results},
  author={Potapov, Peter and Hansen, Matthew C and Pickens, Amy and Hernandez-Serna, Andres and Tyukavina, Alexandra and Turubanova, Svetlana and Zalles, Viviana and Li, Xinyuan and Khan, Ahmad and Stolle, Fred and others},
  journal={Frontiers in Remote Sensing},
  volume={3},
  pages={856903},
  year={2022},
  publisher={Frontiers}
}

@article{sala2000global,
  title={Global biodiversity scenarios for the year 2100},
  author={Sala, Osvaldo E and Chapin, F Stuart and Armesto, Juan J and Berlow, Eric and Bloomfield, Janine and Dirzo, Rodolfo and Huber-Sanwald, Elisabeth and Huenneke, Laura F and Jackson, Robert B and Kinzig, Ann and others},
  journal={Science},
  volume={287},
  number={5459},
  pages={1770--1774},
  year={2000},
  publisher={American Association for the Advancement of Science}
}


@article{seto2012global,
  title={Global forecasts of urban expansion to 2030 and direct impacts on biodiversity and carbon pools},
  author={Seto, Karen C and G{\"u}neralp, Burak and Hutyra, Lucy R},
  journal={Proceedings of the National Academy of Sciences},
  volume={109},
  number={40},
  pages={16083--16088},
  year={2012},
  publisher={National Acad Sciences}
}

@article{shumba2020effectiveness,
  title={Effectiveness of private land conservation areas in maintaining natural land cover and biodiversity intactness},
  author={Shumba, Tafadzwa and De Vos, Alta and Biggs, Reinette and Esler, Karen J and Ament, Judith M and Clements, Hayley S},
  journal={Global Ecology and Conservation},
  volume={22},
  pages={e00935},
  year={2020},
  publisher={Elsevier}
}

@article{song2016characterizing,
  title={Characterizing the magnitude, timing and duration of urban growth from time series of Landsat-based estimates of impervious cover},
  author={Song, Xiao-Peng and Sexton, Joseph O and Huang, Chengquan and Channan, Saurabh and Townshend, John R},
  journal={Remote Sensing of Environment},
  volume={175},
  pages={1--13},
  year={2016},
  publisher={Elsevier}
}

@article{sumbul2021bigearthnet,
  title={BigEarthNet-MM: A large-scale, multimodal, multilabel benchmark archive for remote sensing image classification and retrieval [software and data sets]},
  author={Sumbul, Gencer and De Wall, Arne and Kreuziger, Tristan and Marcelino, Filipe and Costa, Hugo and Benevides, Pedro and Caetano, Mario and Demir, Beg{\"u}m and Markl, Volker},
  journal={IEEE Geoscience and Remote Sensing Magazine},
  volume={9},
  number={3},
  pages={174--180},
  year={2021},
  publisher={IEEE}
}

@article{szantoi2020addressing,
  title={Addressing the need for improved land cover map products for policy support},
  author={Szantoi, Zoltan and Geller, Gary N and Tsendbazar, Nandin-Erdene and See, Linda and Griffiths, Patrick and Fritz, Steffen and Gong, Peng and Herold, Martin and Mora, Brice and Obreg{\'o}n, Andr{\'e}},
  journal={Environmental Science \& Policy},
  volume={112},
  pages={28--35},
  year={2020},
  publisher={Elsevier}
}

@article{townshend2012global,
  title={Global characterization and monitoring of forest cover using Landsat data: opportunities and challenges},
  author={Townshend, John R and Masek, Jeffrey G and Huang, Chengquan and Vermote, Eric F and Gao, Feng and Channan, Saurabh and Sexton, Joseph O and Feng, Min and Narasimhan, Raghuram and Kim, Dohyung and others},
  journal={International Journal of Digital Earth},
  volume={5},
  number={5},
  pages={373--397},
  year={2012},
  publisher={Taylor \& Francis}
}

@article{trisurat2019land,
  title={Land-use/land-cover change from socio-economic drivers and their impact on biodiversity in {Nan Province, Thailand}},
  author={Trisurat, Yongyut and Shirakawa, Hiroaki and Johnston, John M},
  journal={Sustainability},
  volume={11},
  number={3},
  pages={649},
  year={2019},
  publisher={Multidisciplinary Digital Publishing Institute}
}


@article{veldkamp2001predicting,
  title={Predicting land-use change},
  author={Veldkamp, Antonie and Lambin, Eric F},
  year={2001},
  publisher={Elsevier},
  journal={Agriculture Ecosystems and Environment}
}




@Book{yegnanarayana2004artificial,
  Title = {Artificial neural networks},
  Author = {Yegnanarayana, B.},
  Publisher = {PHI Learning Pvt. Ltd.},
  Year = {2004}
}

@article{zhou2014relationships,
  title={Relationships between land cover and the surface urban heat island: seasonal variability and effects of spatial and thematic resolution of land cover data on predicting land surface temperatures},
  author={Zhou, Weiqi and Qian, Yuguo and Li, Xiaoma and Li, Weifeng and Han, Lijian},
  journal={Landscape ecology},
  volume={29},
  number={1},
  pages={153--167},
  year={2014},
  publisher={Springer}
}


@article{zhu2014continuous,
  title={Continuous change detection and classification of land cover using all available Landsat data},
  author={Zhu, Zhe and Woodcock, Curtis E},
  journal={Remote sensing of Environment},
  volume={144},
  pages={152--171},
  year={2014},
  publisher={Elsevier}
}

@article{venter2021continentalscale,
  title={{Continental-scale land cover mapping at 10 m resolution over Europe (ELC10)}},
  author={Venter, Zander S and Sydenham, Markus AK},
  journal={Remote Sensing},
  volume={13},
  number={12},
  pages={2301},
  year={2021},
  publisher={Multidisciplinary Digital Publishing Institute}
}

@article{hillger2013first,
  title={{First-light imagery from Suomi NPP VIIRS}},
  author={Hillger, Donald and Kopp, Thomas and Lee, Thomas and Lindsey, Daniel and Seaman, Curtis and Miller, Steven and Solbrig, Jeremy and Kidder, Stanley and Bachmeier, Scott and Jasmin, Tommy and others},
  journal={Bulletin of the American Meteorological Society},
  volume={94},
  number={7},
  pages={1019--1029},
  year={2013},
  publisher={American Meteorological Society}
}



@article{sy2020,
  title={Anthropogenic land cover change impact on climate extremes during the 21st century},
  author={Sy, Souleymane and Quesada, Benjamin},
  journal={Environmental Research Letters},
  volume={15},
  number={3},
  pages={034002},
  year={2020},
  publisher={IOP Publishing}
}

@article{duveiller2020,
title = {Local biophysical effects of land use and land cover change: towards an assessment tool for policy makers},
journal = {Land Use Policy},
volume = {91},
pages = {104--382},
year = {2020},
issn = {0264-8377},
doi = {10.1016/j.landusepol.2019.104382},
url = {https://www.sciencedirect.com/science/article/pii/S0264837718311554},
author = {Gregory Duveiller and Luca Caporaso and Raul Abad-Viñas and Lucia Perugini and Giacomo Grassi and Almut Arneth and Alessandro Cescatti},
}


@article{hong2021luemissions,
  title={Global and regional drivers of land-use emissions in 1961--2017},
  author={Hong, Chaopeng and Burney, Jennifer A and Pongratz, Julia and Nabel, Julia EMS and Mueller, Nathaniel D and Jackson, Robert B and Davis, Steven J},
  journal={Nature},
  volume={589},
  number={7843},
  pages={554--561},
  year={2021},
  publisher={Nature Publishing Group}
}



@inproceedings{seabold2010statsmodels,
  title={statsmodels: Econometric and statistical modeling with {Python}},
  author={Seabold, Skipper and Perktold, Josef},
  booktitle={9th Python in Science Conference},
  year={2010},
}

@article{riley1999index,
  title={Index that quantifies topographic heterogeneity},
  author={Riley, Shawn J and DeGloria, Stephen D and Elliot, Robert},
  journal={intermountain Journal of sciences},
  volume={5},
  number={1-4},
  pages={23--27},
  year={1999}
}



@article{gao1996ndwi,
  title={{NDWI---A normalized difference water index for remote sensing of vegetation liquid water from space}},
  author={Gao, Bo-Cai},
  journal={Remote sensing of environment},
  volume={58},
  number={3},
  pages={257--266},
  year={1996},
  publisher={Elsevier}
}

@article{huete1988savi,
  title={{A soil-adjusted vegetation index (SAVI)}},
  author={Huete, Alfredo R},
  journal={Remote sensing of environment},
  volume={25},
  number={3},
  pages={295--309},
  year={1988},
  publisher={Elsevier}
}
@article{qi1994msavi,
  title={A modified soil adjusted vegetation index},
  author={Qi, Jiaguo and Chehbouni, Abdelghani and Huete, Alfredo R and Kerr, Yann H and Sorooshian, Soroosh},
  journal={Remote sensing of environment},
  volume={48},
  number={2},
  pages={119--126},
  year={1994},
  publisher={Elsevier}
}

@article{jin2005ndmi,
  title={Comparison of time series tasseled cap wetness and the normalized difference moisture index in detecting forest disturbances},
  author={Jin, Suming and Sader, Steven A},
  journal={Remote sensing of Environment},
  volume={94},
  number={3},
  pages={364--372},
  year={2005},
  publisher={Elsevier}
}

@inproceedings{key1999nbr,
  title={Measuring and remote sensing of burn severity},
  author={Key, Carl H and Benson, Nate C},
  booktitle={Proceedings joint fire science conference and workshop},
  volume={2},
  pages={284},
  year={1999},
  organization={University of Idaho and International Association of Wildland Fire},
  address={Moscow, ID}
}

@inproceedings{key2006nbr2,
  title={Landscape assessment (LA)},
  author={Key, Carl H and Benson, Nathan C},
  booktitle={FIREMON: Fire effects monitoring and inventory system. Gen. Tech. Rep. RMRS-GTR-164-CD. },
  volume={164},
  year={2006},
  publisher={US Department of Agriculture, Forest Service, Rocky Mountain Research Station},
  address = {Fort Collins, CO}
}
%   Lutes, Duncan C.; Keane, Robert E.; Caratti, John F.; Key, Carl H.; Benson, Nathan C.; Sutherland, Steve; Gangi, Larry J. 2006. 




@misc{gfbosm2021,
  author = {Geofabrik},
  title = {OpenStreetMap Data Extracts},
  year={2021},
  month={Mar},
  url = {https://download.geofabrik.de/},
  note = {Data retrieved from Geofabrik},
} 

@book{hengl2020dtm,
  author       = {Hengl, Tomislav and Leal Parente, Leandro and Kri\v{z}an, Josip and Bonannella, Carmelo},
  title        = {{Continental Europe digital terrain model at 30 m resolution based on GEDI, ICESat-2, AW3D, GLO-30, EUDEM, MERIT DEM and background layers}},
  month        = {04},
  year         = {2021},
  publisher    = {Zenodo},
  version      = {v0.3},
  doi          = {10.5281/zenodo.4724549},
  url          = {10.5281/zenodo.4724549}
}

@article{hengl2021african,
  title={African soil properties and nutrients mapped at 30~m spatial resolution using two-scale ensemble machine learning},
  author={Hengl, Tomislav and Miller, Matthew AE and Kri{\v{z}}an, Josip and Shepherd, Keith D and Sila, Andrew and Kilibarda, Milan and Antonijevi{\'c}, Ognjen and Glu{\v{s}}ica, Luka and Dobermann, Achim and Haefele, Stephan M and others},
  journal={Scientific reports},
  volume={11},
  number={1},
  pages={1--18},
  year={2021},
  publisher={Nature Publishing Group}
}

@article{inglada2017operational,
  title={Operational high resolution land cover map production at the country scale using satellite image time series},
  author={Inglada, Jordi and Vincent, Arthur and Arias, Marcela and Tardy, Benjamin and Morin, David and Rodes, Isabel},
  journal={Remote Sensing},
  volume={9},
  number={1},
  pages={95},
  year={2017},
  publisher={Multidisciplinary Digital Publishing Institute}
}

@book{parente2021landcover,
  author       = {Parente, Leandro and Witjes, Martijn and Hengl, Tomislav and Landa, Martin and Brodsky, Lukas},
  title        = {{Continental Europe land cover mapping at 30m resolution based CORINE and LUCAS on samples}},
  month        = {03},
  year         = {2021},
  publisher    = {Zenodo},
  version      = {v0.1},
  doi          = {10.5281/zenodo.4725429},
  url          = {10.5281/zenodo.4725429}
}





@article{palahi2021concerns,
  title={Concerns about reported harvests in European forests},
  author={Palahi, Marc and Valbuena, Ruben and Senf, Cornelius and Acil, Nezha and Pugh, Thomas AM and Sadler, Jonathan and Seidl, Rupert and Potapov, Peter and Gardiner, Barry and Hetem{\"a}ki, Lauri and others},
  journal={Nature},
  volume={592},
  number={7856},
  pages={E15--E17},
  year={2021},
  publisher={Nature Publishing Group}
}

@article{paulsson2020incorrect,
  author = {Paulsson, Jonas and Svante Claesson and Jonas Fridman and H\o{o}kan Olsson},
  title = {Incorrect figures on harvested forests in Nature article},
  year = {2020},
  journal = {SLU news},
  url = {https://www.slu.se/en/ew-news/2020/7/incorrect-figures-on-harvested-forests-in-nature-article/},
  note = {Accessed: 2021-07-04}
}



@book{van1980information,
  title={Information Retrieval},
  author={{Van Rijsbergen}, C.J.},
  lccn={78040725},
  year={1980},
  publisher={Butterworth Heinemann}
}

@article{homer2020conterminous,
  title={Conterminous {United States} land cover change patterns 2001--2016 from the 2016 national land cover database},
  author={Homer, Collin and Dewitz, Jon and Jin, Suming and Xian, George and Costello, Catherine and Danielson, Patrick and Gass, Leila and Funk, Michelle and Wickham, James and Stehman, Stephen and others},
  journal={ISPRS Journal of Photogrammetry and Remote Sensing},
  volume={162},
  pages={184--199},
  year={2020},
  publisher={Elsevier}
}

@article{homer2007completion,
  title={Completion of the 2001 national land cover database for the counterminous {United States}},
  author={Homer, Collin and Dewitz, Jon and Fry, Joyce and Coan, Michael and Hossain, Nazmul and Larson, Charles and Herold, Nate and McKerrow, Alexa and VanDriel, J Nick and Wickham, James and others},
  journal={Photogrammetric engineering and remote sensing},
  volume={73},
  number={4},
  pages={337},
  year={2007},
  publisher={ASPRS AMERICAN SOCIETY FOR PHOTOGRAMMETRY AND}
}



@article{huang2018enhanced,
  title={Enhanced peak growth of global vegetation and its key mechanisms},
  author={Huang, Kun and Xia, Jianyang and Wang, Yingping and Ahlstr{\"o}m, Anders and Chen, Jiquan and Cook, Robert B and Cui, Erqian and Fang, Yuanyuan and Fisher, Joshua B and Huntzinger, Deborah Nicole and others},
  journal={Nature ecology \& evolution},
  volume={2},
  number={12},
  pages={1897--1905},
  year={2018},
  publisher={Nature Publishing Group}
}



@inproceedings{huang2018weaklysupervised,
  title = {Weakly-{{Supervised Semantic Segmentation Network}} with {{Deep Seeded Region Growing}}},
  booktitle = {2018 {{IEEE}}/{{CVF Conference}} on {{Computer Vision}} and {{Pattern Recognition}}},
  author = {Huang, Zilong and Wang, Xinggang and Wang, Jiasi and Liu, Wenyu and Wang, Jingdong},
  year = {2018},
  month = jun,
  pages = {7014--7023},
  publisher = {IEEE},
  address = {Salt Lake City, UT, USA},
  doi = {10.1109/CVPR.2018.00733},
  urldate = {2024-03-16},
  isbn = {978-1-5386-6420-9},
  langid = {english}
}


@book{korhonen2020new,
  author = {Korhonen, Kari. T. },
  title = {A new article in the journal Nature overestimates the increase of forest harvesting in Europe},
  publisher = {Natural Resources Institute Finland},
  address = {Helsinki, Finland},
  year = {2020},
  url = {https://www.luke.fi/en/blog/a-new-article-in-the-journal-nature-overestimates-the-increase-of-forest-harvesting-in-europe/},
  note = {Accessed: 2021-07-04}
}

@article{liu2018tree,
  title={Tree species richness increases ecosystem carbon storage in subtropical forests},
  author={Liu, Xiaojuan and Trogisch, Stefan and He, Jin-Sheng and Niklaus, Pascal A and Bruelheide, Helge and Tang, Zhiyao and Erfmeier, Alexandra and Scherer-Lorenzen, Michael and Pietsch, Katherina A and Yang, Bo and others},
  journal={Proceedings of the Royal Society B},
  volume={285},
  number={1885},
  pages={12--40},
  year={2018},
  publisher={The Royal Society}
}

@article{senf2021mapping,
  title={Mapping the forest disturbance regimes of Europe},
  author={Senf, Cornelius and Seidl, Rupert},
  journal={Nature Sustainability},
  volume={4},
  number={1},
  pages={63--70},
  year={2021},
  publisher={Nature Publishing Group}
}





@article{rossi2019assessing,
AUTHOR = {Rossi, Fernando and Breidenbach, Johannes and Puliti, Stefano and Astrup, Rasmus and Talbot, Bruce},
TITLE = {Assessing Harvested Sites in a Forested Boreal Mountain Catchment through Global Forest Watch},
JOURNAL = {Remote Sensing},
VOLUME = {11},
YEAR = {2019},
NUMBER = {5},
ARTICLE-NUMBER = {543},
URL = {https://www.mdpi.com/2072-4292/11/5/543},
ISSN = {2072-4292},
DOI = {10.3390/rs11050543}
}



@article{senf2018canopy,
  title={Canopy mortality has doubled in Europe’s temperate forests over the last three decades},
  author={Senf, Cornelius and Pflugmacher, Dirk and Zhiqiang, Yang and Sebald, Julius and Knorn, Jan and Neumann, Mathias and Hostert, Patrick and Seidl, Rupert},
  journal={Nature Communications},
  volume={9},
  number={1},
  pages={1--8},
  year={2018},
  publisher={Nature Publishing Group}
}

@article{song2018global,
  title={Global land change from 1982 to 2016},
  author={Song, Xiao-Peng and Hansen, Matthew C and Stehman, Stephen V and Potapov, Peter V and Tyukavina, Alexandra and Vermote, Eric F and Townshend, John R},
  journal={Nature},
  volume={560},
  number={7720},
  pages={639--643},
  year={2018},
  publisher={Nature Publishing Group}
}

@article{payn2015changes,
  title={Changes in planted forests and future global implications},
  author={Payn, Tim and Carnus, Jean-Michel and Freer-Smith, Peter and Kimberley, Mark and Kollert, Walter and Liu, Shirong and Orazio, Christophe and Rodriguez, Luiz and Silva, Luis Neves and Wingfield, Michael J},
  journal={Forest Ecology and Management},
  volume={352},
  pages={57--67},
  year={2015},
  publisher={Elsevier}
}


@book{rasi2020SoEF, 
title={State of Europe’s Forests 2020},
year=2020,
url={https://foresteurope.org/wp-content/uploads/2016/08/SoEF_2020.pdf}, 
publisher = {Ministerial conference on the protection of forests in Europe},
author={Ra\v{s}i, Rastislav}, 
note = {Accessed: 2021-10-05}, 
}



@article{wadoux2021spatial,
  title={Spatial cross-validation is not the right way to evaluate map accuracy},
  author={Wadoux, Alexandre MJ-C and Heuvelink, Gerard BM and De Bruin, Sytze and Brus, Dick J},
  journal={Ecological Modelling},
  volume={457},
  pages={109692},
  year={2021},
  publisher={Elsevier}
}

@article{wang2018snow,
  title={Snow cover phenology affects alpine vegetation growth dynamics on the Tibetan Plateau: Satellite observed evidence, impacts of different biomes, and climate drivers},
  author={Wang, Xiaoyue and Wu, Chaoyang and Peng, Dailiang and Gonsamo, Alemu and Liu, Zhengjia},
  journal={Agricultural and Forest Meteorology},
  volume={256},
  pages={61--74},
  year={2018},
  publisher={Elsevier}
}





@book{zhang2012ensemble,
  title={{Ensemble Machine Learning: Methods and Applications}},
  author={Zhang, C. and Ma, Y.},
  isbn={9781441993250},
  lccn={2012930830},
  url={https://books.google.nl/books?id=CjAs4stLXhAC},
  year={2012},
  publisher={Springer New York}
}

## ECODATACUBE

@book{glo30,
    author = {ESA},
    title ={{Copernicus DEM - Global and European Digital Elevation Model (COP-DEM)}},
    year = {2018},
    note = {DLR e.V. 2010--2014 and \copyright Airbus Defense and Space GmbH 20140--2018. Provided under COPERNICUS by the European Union and ESA; all rights reserved},
    publisher = {DLR},
    doi = {10.5270/ESA-c5d3d65}
}

@book{hengl2020continental,
  author       = {Hengl, Tomislav and
                  Leal Parente, Leandro and
                  Krizan, Josip and
                  Bonannella, Carmelo},
  title        = {{Continental Europe Digital Terrain Model at 30 m 
                   resolution based on GEDI, ICESat-2, AW3D, GLO-30,
                   EUDEM, MERIT DEM and background layers}},
  month        = sep,
  year         = 2020,
  publisher    = {Zenodo},
  version      = {v0.3},
  doi          = {10.5281/zenodo.4724549},
  url          = {https://doi.org/10.5281/zenodo.4724549}
}

@Incollection{buttner1998european,
author="B{\"u}ttner, G.
and Steenmans, C.
and Bossard, M.
and Feranec, J.
and Kol{\'a}r, J.",
editor="Buchroithner, Manfred F.",
title="{Land Cover --- Land Use Mapping within the European Corine Programme}",
bookTitle="Remote Sensing for Environmental Data in Albania: A Strategy for Integrated Management",
year="2000",
publisher="Springer Netherlands",
address="Dordrecht",
pages="89--100",
doi="10.1007/978-94-011-4357-8_9",
}

@article{ibrahim2021space,
  title={{Space-time machine learning models to analyze COVID-19 pandemic lockdown effects on aerosol optical depth over Europe}},
  author={Ibrahim, Saleem and Landa, Martin and Pe{\v{s}}ek, Ond{\v{r}}ej and Pavelka, Karel and Halounova, Lena},
  journal={Remote Sensing},
  volume={13},
  doi={10.3390/rs13153027},
  number={15},
  pages={3027},
  year={2021},
  publisher={MDPI}
}

@article{ibrahim2022machine,
  title={Machine Learning-Based Approach Using Open Data to Estimate PM2.5 over Europe},
  author={Ibrahim, Saleem and Landa, Martin and Pe{\v{s}}ek, Ond{\v{r}}ej and Brodsk{\`y}, Luk{\'a}{\v{s}} and Halounov{\'a}, Lena},
  journal={Remote Sensing},
  volume={14},
  number={14},
  doi={10.3390/rs14143392},
  pages={3392},
  year={2022},
  publisher={MDPI}
}






@Article{immitzer2019optimal,
    AUTHOR = {Immitzer, Markus and Neuwirth, Martin and Böck, Sebastian and Brenner, Harald and Vuolo, Francesco and Atzberger, Clement},
    TITLE = {{Optimal Input Features for Tree Species Classification in Central Europe Based on Multi-Temporal Sentinel-2 Data}},
    JOURNAL = {Remote Sensing},
    VOLUME = {11},
    YEAR = {2019},
    NUMBER = {22},
    ARTICLE-NUMBER = {2599},
    URL = {https://www.mdpi.com/2072-4292/11/22/2599},
    ISSN = {2072-4292},
    DOI = {10.3390/rs11222599}
}

@article{jozsa2014evaluation,
  title={{An evaluation of EU-DEM in comparison with ASTER GDEM, SRTM and contour-based DEMs over the Eastern Mecsek Mountains}},
  author={J{\'o}zsa, Edina and F{\'a}bi{\'a}n, Szabolcs {\'A}kos and Kov{\'a}cs, M{\'o}nika},
  journal={Hungarian Geographical Bulletin},
  volume={63},
  number={4},
  pages={401--423},
  doi={10.15201/hungeobull.63.4.3},
  year={2014}
}

@inproceedings{takaku2018quality,
  title={{Quality improvements of AW3D global DSM derived from ALOS prism}},
  author={Takaku, Junichi and Tadono, Takeo and Tsutsui, Ken and Ichikawa, Mayumi},
  booktitle={IGARSS 2018-2018 IEEE International Geoscience and Remote Sensing Symposium},
  pages={1612--1615},
  year={2018},
  doi={10.1109/IGARSS.2018.8518360},
  organization={IEEE}
}



@article{yamazaki2019merit,
  title={{MERIT Hydro: A high-resolution global hydrography map based on latest topography dataset}},
  author={Yamazaki, Dai and Ikeshima, Daiki and Sosa, Jeison and Bates, Paul D and Allen, George H and Pavelsky, Tamlin M},
  journal={Water Resources Research},
  volume={55},
  number={6},
  pages={5053--5073},
  year={2019},
  doi={10.1029/2019WR024873},
  publisher={Wiley Online Library}
}

@article{pavlis2012development,
  title={{The development and evaluation of the Earth Gravitational Model 2008 (EGM2008)}},
  author={Pavlis, Nikolaos K and Holmes, Simon A and Kenyon, Steve C and Factor, John K},
  journal={Journal of geophysical research: solid earth},
  volume={117},
  number={B4},
  year={2012},
  doi={10.1029/2011JB008916},
  publisher={Wiley Online Library}
}

@article{bischl2016mlr,
  title={{mlr: Machine Learning in R}},
  author={Bischl, Bernd and Lang, Michel and Kotthoff, Lars and Schiffner, Julia and Richter, Jakob and Studerus, Erich and Casalicchio, Giuseppe and Jones, Zachary M},
  journal={The Journal of Machine Learning Research},
  volume={17},
  number={1},
  pages={5938--5942},
  year={2016},
  publisher={JMLR. org}
}

@article{uuemaa2020vertical,
  title={{Vertical accuracy of freely available global digital elevation models (ASTER, AW3D30, MERIT, TanDEM-X, SRTM, and NASADEM)}},
  author={Uuemaa, Evelyn and Ahi, Sander and Montibeller, Bruno and Muru, Merle and Kmoch, Alexander},
  journal={Remote Sensing},
  volume={12},
  number={21},
  pages={3482},
  year={2020},
  doi={10.3390/rs12213482},
  publisher={MDPI}
}






@article{dyderski2018a,
  author={Dyderski, Marcin K and Pa{\'z}, Sonia and Frelich, Lee E and Jagodzi{\'n}ski, Andrzej M},
  year = {2018},
  title = {How much does climate change threaten European forest tree species distributions?},
  volume = {24},
  pages = {1150–1163},
  doi = {10.1111/gcb.13925},
  language = {en},
  journal = {Global change biology},
  number = {3}
}

@article{fremout2020a,
  author = {Fremout, T. and Thomas, E. and Gaisberger, H. and Meerbeek, K. and Muenchow, J. and Briers, S. and Muys, B.},
  year = {2020},
  title = {Mapping tree species vulnerability to multiple threats as a guide to restoration and conservation of tropical dry forests},
  volume = {26},
  pages = {3552–3568},
  doi = {10.1111/gcb.15028},
  language = {en},
  journal = {Global Change Biology},
  number = {6}
}



@article{griffiths2019a,
  author = {Griffiths, P. and Nendel, C. and Hostert, P.},
  year = {2019},
  title = {Intra-annual reflectance composites from Sentinel-2 and Landsat for national-scale crop and land cover mapping},
  volume = {220},
  pages = {135–151},
  doi = {10.1016/j.rse.2018.10.031},
  language = {en},
  journal = {Remote sensing of environment}
}

@article{hamrouni2021local,
  title={From local to global: A transfer learning-based approach for mapping poplar plantations at national scale using Sentinel-2},
  author={Hamrouni, Yousra and Paillassa, Eric and Ch{\'e}ret, V{\'e}ronique and Monteil, Claude and Sheeren, David},
  journal={ISPRS Journal of Photogrammetry and Remote Sensing},
  volume={171},
  pages={76--100},
  year={2021},
  publisher={Elsevier}
}

@article{hansen2013high,
  title={High-resolution global maps of 21st-century forest cover change},
  author={M. C. Hansen  and P. V. Potapov  and R. Moore  and M. Hancher  and S. A. Turubanova  and A. Tyukavina  and D. Thau  and S. V. Stehman  and S. J. Goetz  and T. R. Loveland  and A. Kommareddy  and A. Egorov  and L. Chini  and C. O. Justice  and J. R. G. Townshend },
  journal={Science},
  doi={10.1126/science.1244693},
  volume={342},
  number={6160},
  pages={850--853},
  year={2013},
  publisher={American Association for the Advancement of Science}
}

@article{hansen2022global,
  title={Global land use extent and dispersion within natural land cover using Landsat data},
  author={Matthew C Hansen and Peter V Potapov and Amy H Pickens and Alexandra Tyukavina and Andres Hernandez-Serna and Viviana Zalles and Svetlana Turubanova and Indrani Kommareddy and Steve V Stehman and Xiao-Peng Song and Anil Kommareddy},
  journal={Environmental Research Letters},
  volume={17},
  number={3},
  pages={034050},
  year={2022},
  publisher={IOP Publishing}
}

@article{hengl2019a,
  author = {Hengl, T. and Collins, T.N. and Wheeler, I. and MacMillan, R.A.},
  year = {2019-03-27},
  title = {Everybody has a right to know what’s happening with the planet: towards a global commons},
  note = {Towards Data Science},
  url = {http://doi.org/10.5281/zenodo.2611127},
  doi = {10.5281/zenodo.2611127},
  language = {en},
  journal = {Medium}
}

@misc{hengl2021a,
  author = {Hengl, T. and Wheeler, I. and McMillan, B.},
  year = {2021-07-01},
  title = {Restoration culture: what is land degradation, how to measure it, and what you can do to reverse some negative trends?},
  note = {Medium (Nerd for Tech)},
  url = {http://doi.org/10.5281/zenodo.5052657},
  doi = {10.5281/zenodo.5052657},
  language = {en}
}

@article{hurtt2011harmonization,
  title={Harmonization of land-use scenarios for the period 1500--2100: 600 years of global gridded annual land-use transitions, wood harvest, and resulting secondary lands},
  author={Hurtt, G. C. and Chini, L. P. and Frolking, S. and Betts, R. A. and Fischer, G. and Hibbard, K. and Houghton, R. A. and Kindermann, G. and Riahi, K.},
  journal={Climatic change},
  volume={109},
  number={1-2},
  pages={117},
  year={2011},
  publisher={Springer}
}

@article{kavvada2020a,
  author = {Kavvada, A. and Metternicht, G. and Kerblat, F. and Mudau, N. and Haldorson, M. and Laldaparsad, S. and Chuvieco, E.},
  year = {2020},
  title = {Towards delivering on the sustainable development goals using earth observations},
  volume = {247},
  pages = {111930},
  doi = {10.1016/j.rse.2020.111930},
  language = {en},
  journal = {Remote Sensing of Environment},
  number = {15}
}

@article{kraft2021a,
  author = {Kraft, B. and Jung, M. and Körner, M. and Koirala, S. and Reichstein, M.},
  year = {2021},
  title = {Towards hybrid modeling of the global hydrological cycle},
  pages = {1–40},
  note = {in review,},
  doi = {10.5194/hess-2021-211},
  language = {en},
  journal = {Hydrology and Earth System Sciences Discussions}
}

@misc{rackauckas2020a,
  author = {Rackauckas, C. and Ma, Y. and Martensen, J. and Warner, C. and Zubov, K. and Supekar, R. and Edelman, A.},
  year = {2020},
  title = {Universal differential equations for scientific machine learning},
  note = {arXiv preprint arXiv:2001.04385.},
  url = {https://arxiv.org/abs/2001.04385},
  arxiv = {2001.04385},
  language = {en}
}
@article{reichstein2019a,
  author = {Reichstein, M. and Camps-Valls, G. and Stevens, B. and Jung, M. and Denzler, J. and Carvalhais, N. and Prabhat},
  year = {2019},
  title = {Deep learning and process understanding for data-driven Earth system science},
  volume = {566},
  pages = {195–204},
  doi = {10.1038/s41586-019-0912-1},
  language = {en},
  journal = {Nature}
}



@article{schramm2021a,
  author = {Schramm, M. and Pebesma, E. and Milenković, M. and Foresta, L. and Dries, J. and Jacob, A. and Reiche, J.},
  year = {2021},
  title = {The openEO api–harmonising the use of earth observation cloud services using virtual data cube functionalities},
  volume = {13},
  url = {https://www.mdpi.com/2072-4292/13/6/1125},
  language = {en},
  journal = {Remote Sensing},
  number = {6}
}

@article{stern2022pangeo,
  title={Pangeo Forge: Crowdsourcing Analysis-Ready, Cloud Optimized Data Production},
  author={Stern, Charles and Abernathey, Ryan and Hamman, Joseph and Wegener, Rachel and Lepore, Chiara and Harkins, Sean and Merose, Alexander},
  journal={Frontiers in Climate},
  volume={3},
  pages={179},
  year={2022},
  publisher={Frontiers}
}

@article{r2021a,
  author = {R., Simoes and G., Camara and G., Queiroz and F., Souza and P.R., Andrade and L., Santos and A., Carvalho and K, Ferreira},
  year = {2021},
  title = {Satellite Image Time Series Analysis for Big Earth Observation Data},
  volume = {13},
  doi = {10.3390/rs13132428},
  language = {en},
  journal = {Remote Sensing},
  number = {13}
}

@article{szantoi2020a,
  author = {Szantoi, Z. and Geller, G.N. and Tsendbazar, N.E. and See, L. and Griffiths, P. and Fritz, S. and Obregón, A.},
  year = {2020},
  title = {Addressing the need for improved land cover map products for policy support},
  volume = {112},
  pages = {28–35},
  doi = {10.1016/j.envsci.2020.04.005},
  language = {en},
  journal = {Environmental Science and Policy}
}




@article{van2021geospatial,
  title={A geospatial mapping pipeline for ecologists},
  author={van den Hoogen, Johan and Robmann, Niamh and Routh, Devin and Lauber, Thomas and van Tiel, Nina and Danylo, Olga and Crowther, Thomas W},
  journal={BioRxiv},
  year={2021},
  publisher={Cold Spring Harbor Laboratory},
  doi = {10.1101/2021.07.07.451145}
}

@article{vuolo2018much,
  title={How much does multi-temporal Sentinel-2 data improve crop type classification?},
  author={Vuolo, Francesco and Neuwirth, Martin and Immitzer, Markus and Atzberger, Clement and Ng, Wai-Tim},
  journal={International Journal of Applied Earth Observation and Geoinformation},
  volume={72},
  pages={122--130},
  doi={10.1016/j.jag.2018.06.007},
  year={2018},
  publisher={Elsevier}
}

@article{wagemann2021a,
  author={Wagemann, Julia and Siemen, Stephan and Seeger, Bernhard and Bendix, J{\"o}rg},
  title = {Users of open Big Earth data --- An analysis of the current state},
  journal = {Computers \& Geosciences},
  volume = {157},
  pages = {104916},
  year = {2021},
  issn = {0098-3004},
  doi = {10.1016/j.cageo.2021.104916}
}

@article{yu2020a,
  author = {Yu, L. and Ahrens, B. and Wutzler, T. and Schrumpf, M. and Zaehle, S.},
  year = {2020},
  title = {Jena Soil Model (JSM v1. 0; revision 1934): a microbial soil organic carbon model integrated with nitrogen and phosphorus processes},
  volume = {13},
  pages = {783–803},
  doi = {10.5194/gmd-13-783-2020},
  language = {en},
  journal = {Geoscientific Model Development},
  number = {2}
}

@inproceedings{fang2021analysis,
  author={Yuan, Fang and Lewis, Adam and Leith, Alex and Dhar, Tishampati and Gavin, David},
  booktitle={2021 IEEE International Geoscience and Remote Sensing Symposium IGARSS}, 
  title={Analysis Ready Data for Africa}, 
  year={2021},
  volume={},
  number={},
  pages={1789-1791},
  doi={10.1109/IGARSS47720.2021.9554019}
}

@article{liu2021performance,
  title={Performance evaluation of GEDI and ICESat-2 laser altimeter data for terrain and canopy height retrievals},
  author={Liu, Aobo and Cheng, Xiao and Chen, Zhuoqi},
  journal={Remote Sensing of Environment},
  volume={264},
  pages={112571},
  year={2021},
  publisher={Elsevier}
}

@article{liu2021production,
  title={Production of global daily seamless data cubes and quantification of global land cover change from 1985 to 2020-iMap World 1.0},
  author={Liu, Han and Gong, Peng and Wang, Jie and Wang, Xi and Ning, Grant and Xu, Bing},
  journal={Remote Sensing of Environment},
  volume={258},
  pages={112364},
  doi={10.1016/j.rse.2021.112364},
  year={2021},
  publisher={Elsevier}
}

@article{lucas2019land,
  title={Land cover mapping using digital earth Australia},
  author={Lucas, Richard and Mueller, Norman and Siggins, Anders and Owers, Christopher and Clewley, Daniel and Bunting, Peter and Kooymans, Cate and Tissott, Belle and Lewis, Ben and Lymburner, Leo and Metternicht, Graciela},
  journal={Data},
  volume={4},
  number={4},
  pages={143},
  year={2019},
  doi={10.3390/data4040143},
  publisher={MDPI}
}


@article{lu2018multidimensional,
  title={Multidimensional arrays for analysing geoscientific data},
  author={Lu, Meng and Appel, Marius and Pebesma, Edzer},
  journal={ISPRS International Journal of Geo-Information},
  volume={7},
  number={8},
  doi={10.3390/ijgi7080313},
  pages={313},
  year={2018},
  publisher={Multidisciplinary Digital Publishing Institute}
}


@Article{mouratidis2019european,
    author = {Mouratidis, Antonios and Ampatzidis, Dimitrios},
    title = {European Digital Elevation Model Validation against Extensive Global Navigation Satellite Systems Data and Comparison with SRTM DEM and ASTER GDEM in Central Macedonia (Greece)},
    journal = {ISPRS International Journal of Geo-Information},
    volume = {8},
    year = {2019},
    number = {3},
    article-number = {108},
    url = {https://www.mdpi.com/2220-9964/8/3/108},
    issn = {2220-9964},
    doi = {10.3390/ijgi8030108}
    }

@inproceedings{sikora2021european,
  title={European Green Deal--legal and financial challenges of the climate change},
  author={Sikora, Alicja},
  booktitle={Era Forum},
  volume={21},
  pages={681--697},
  year={2021},
  organization={Springer}
}

@article{zhangglobal,
  title={A global analysis of the spatial and temporal variability of usable Landsat observations at the pixel scale},
  author={Zhang, Yingtong and Woodcock, Curtis and Ar{\'e}valo, Paulo and Olofsson, Pontus and Tang, Xiaojing and Stanimirova, Radost and Bullock, Eric Lee and Tarrio, Katelyn R and Zhu, Zhe and Friedl, Mark},
  year={2022},
  journal={Frontiers in Remote Sensing},
  pages={55},
  doi={10.3389/frsen.2022.894618},
  publisher={Frontiers}
}

@inproceedings{zhao2011evaluation,
  title={Evaluation of temporal resolution effect in remote sensing based crop phenology detection studies},
  author={Zhao, Hu and Yang, Zhengwei and Di, Liping and Pei, Zhiyuan},
  booktitle={International Conference on Computer and Computing Technologies in Agriculture},
  pages={135--150},
  doi={10.1007/978-3-642-27278-3_16},
  year={2011},
  organization={Springer}
}

@article{zhao2022temporal,
  title={Temporal resolution of vegetation indices and solar-induced chlorophyll fluorescence data affects the accuracy of vegetation phenology estimation: A study using in-situ measurements},
  author={Zhao, Dayang and Hou, Yuqing and Zhang, Zhaoying and Wu, Yunfei and Zhang, Xiaokang and Wu, Linsheng and Zhu, Xiaolin and Zhang, Yongguang},
  journal={Ecological Indicators},
  volume={136},
  pages={108673},
  doi={10.1016/j.ecolind.2022.108673},
  year={2022},
  publisher={Elsevier}
}

@article{giuliani2017building,
  title={{Building an earth observations data cube: lessons learned from the Swiss data cube (SDC) on generating analysis ready data (ARD)}},
  author={Giuliani, Gregory and Chatenoux, Bruno and De Bono, Andrea and Rodila, Denisa and Richard, Jean-Philippe and Allenbach, Karin and Dao, Hy and Peduzzi, Pascal},
  journal={Big Earth Data},
  volume={1},
  number={1-2},
  pages={100--117},
  doi={10.1080/20964471.2017.1398903},
  year={2017},
  publisher={Taylor \& Francis}
}

@article{giuliani2020data,
  title={{Data Cube on Demand (DCoD): Generating an earth observation Data Cube anywhere in the world}},
  author={Giuliani, Gregory and Chatenoux, Bruno and Piller, Thomas and Moser, Fr{\'e}d{\'e}ric and Lacroix, Pierre},
  journal={International Journal of Applied Earth Observation and Geoinformation},
  volume={87},
  pages={102035},
  year={2020},
  doi={10.1016/j.jag.2019.102035},
  publisher={Elsevier}
}

@Article{rs11182166,
AUTHOR = {Zhu, Zhe},
TITLE = {{Science of Landsat Analysis Ready Data}},
JOURNAL = {Remote Sensing},
VOLUME = {11},
YEAR = {2019},
NUMBER = {18},
ARTICLE-NUMBER = {2166},
ISSN = {2072-4292},
DOI = {10.3390/rs11182166}
}



@article{hawker202230,
  title={A 30 m global map of elevation with forests and buildings removed},
  author={Hawker, Laurence and Uhe, Peter and Paulo, Luntadila and Sosa, Jeison and Savage, James and Sampson, Christopher and Neal, Jeffrey},
  journal={Environmental Research Letters},
  volume={17},
  number={2},
  pages={024016},
  year={2022},
  doi={10.1088/1748-9326/ac4d4f},
  publisher={IOP Publishing}
}

@article{mahecha2020earth,
  title={Earth system data cubes unravel global multivariate dynamics},
  author={Mahecha, M. D. and Gans, F. and Brandt, G. and Christiansen, R. and Cornell, S. E. and Fomferra, N. and Kraemer, G. and Peters, J. and Bodesheim, P. and Camps-Valls, G. and Donges, J. F. and Dorigo, W. and Estupinan-Suarez, L. M. and Gutierrez-Velez, V. H. and Gutwin, M. and Jung, M. and Londo\~no, M. C. and Miralles, D. G. and Papastefanou, P. and Reichstein, M.},
  journal={Earth System Dynamics},
  volume={11},
  number={1},
  pages={201--234},
  year={2020},
  doi={10.5194/esd-11-201-2020},
  publisher={Copernicus GmbH}
}

@article{malinowski2020automated,
  title={{Automated production of a land cover/use map of Europe based on Sentinel-2 imagery}},
  author={Malinowski, Radek and Lewiński, Stanisław and Rybicki, Marcin and Gromny, Ewa and Jenerowicz, Małgorzata and Krupiński, Michał and Nowakowski, Artur and Wojtkowski, Cezary and Krupiński, Marcin and Krätzschmar, Elke and Schauer, Peter},
  journal={Remote Sensing},
  volume={12},
  number={21},
  doi={10.3390/rs12213523},
  pages={3523},
  year={2020},
  publisher={MDPI}
}

@article{mirmazloumi2022elulc,
  title={{ELULC-10, a 10 m European Land Use and Land Cover Map Using Sentinel and Landsat Data in Google Earth Engine}},
  author={Mirmazloumi, S Mohammad and Kakooei, Mohammad and Mohseni, Farzane and Ghorbanian, Arsalan and Amani, Meisam and Crosetto, Michele and Monserrat, Oriol},
  journal={Remote Sensing},
  volume={14},
  number={13},
  doi={10.3390/rs14133041},
  pages={3041},
  year={2022},
  publisher={MDPI}
}

@article{miura2019improved,
  title={{Improved characterisation of vegetation and land surface seasonal dynamics in central Japan with Himawari-8 hypertemporal data}},
  author={Miura, Tomoaki and Nagai, Shin and Takeuchi, Mika and Ichii, Kazuhito and Yoshioka, Hiroki},
  journal={Scientific Reports},
  volume={9},
  number={1},
  pages={1--12},
  year={2019},
  publisher={Nature Publishing Group}
}



@article{gislason2006random,
  title={Random forests for land cover classification},
  author={Gislason, Pall Oskar and Benediktsson, Jon Atli and Sveinsson, Johannes R},
  journal={Pattern Recognition Letters},
  volume={27},
  number={4},
  pages={294--300},
  year={2006},
  publisher={Elsevier}
}

@article{d2020harmonised,
  title={{Harmonised LUCAS in-situ land cover and use database for field surveys from 2006 to 2018 in the European Union}},
  author={d'Andrimont, Rapha{\"e}l and Yordanov, Momchil and Martinez-Sanchez, Laura and Eiselt, Beatrice and Palmieri, Alessandra and Dominici, Paolo and Gallego, Javier and Reuter, Hannes Isaak and Joebges, Christian and Lemoine, Guido and van der Velde, Marijn},
  journal={Scientific Data},
  volume={7},
  number={1},
  pages={1--15},
  doi={10.1038/s41597-020-00675-z},
  year={2020},
  publisher={Nature Publishing Group}
}

@article{pekel2016high,
  title={High-resolution mapping of global surface water and its long-term changes},
  author={Pekel, Jean-Fran{\c{c}}ois and Cottam, Andrew and Gorelick, Noel and Belward, Alan S},
  Journal                  = {Nature},
  Year                     = {2016},
  Month                    = {dec},
  Pages                    = {418--},
  Volume                   = {540},
  Publisher                = {Springer Nature},
  doi                      = {10.1038/nature20584}
}

@article{pflugmacher2019mapping,
  title={{Mapping pan-European land cover using Landsat spectral-temporal metrics and the European LUCAS survey}},
  author={Pflugmacher, Dirk and Rabe, Andreas and Peters, Mathias and Hostert, Patrick},
  journal={Remote sensing of environment},
  volume={221},
  pages={583--595},
  doi={10.1016/j.rse.2018.12.001},
  year={2019},
  publisher={Elsevier}
}

@article{potapov2020landsat,
  title={Landsat analysis ready data for global land cover and land cover change mapping},
  author={Potapov, Peter and Hansen, Matthew C and Kommareddy, Indrani and Kommareddy, Anil and Turubanova, Svetlana and Pickens, Amy and Adusei, Bernard and Tyukavina, Alexandra and Ying, Qing},
  journal={Remote Sensing},
  volume={12},
  number={3},
  doi={10.3390/rs12030426},
  pages={426},
  year={2020},
  publisher={Multidisciplinary Digital Publishing Institute}
}

@article{potapov2021mapping,
  title={{Mapping global forest canopy height through integration of GEDI and Landsat data}},
  author={Peter Potapov and Xinyuan Li and Andres Hernandez-Serna and Alexandra Tyukavina and Matthew C. Hansen and Anil Kommareddy and Amy Pickens and Svetlana Turubanova and Hao Tang and Carlos Edibaldo Silva and John Armston and Ralph Dubayah and J. Bryan Blair and Michelle Hofton},
  journal={Remote Sensing of Environment},
  volume={253},
  pages={112165},
  doi={10.1016/j.rse.2020.112165},
  year={2021},
  publisher={Elsevier}
}

@article{yamazaki2017high,
  title={A high-accuracy map of global terrain elevations},
  author={Yamazaki, Dai and Ikeshima, Daiki and Tawatari, Ryunosuke and Yamaguchi, Tomohiro and O'Loughlin, Fiachra and Neal, Jeffery C and Sampson, Christopher C and Kanae, Shinjiro and Bates, Paul D},
  journal={Geophysical Research Letters},
  volume={44},
  number={11},
  doi={10.1002/2017GL072874},
  pages={5844--5853},
  year={2017},
  publisher={Wiley Online Library}
}

@Book{yegnanarayana2004artificial,
  Title                    = {Artificial neural networks},
  Author                   = {Yegnanarayana, B.},
  Publisher                = {PHI Learning Pvt. Ltd.},
  Year                     = {2004}
}

@article{azcarate2005dineof,
	author = {Alvera Azcarate, Aïda and Barth, Alexander and Rixen, Michel and Beckers, Jean-Marie},
	TITLE = {Reconstruction of incomplete oceanographic data sets using empirical orthogonal functions: application to the Adriatic Sea surface temperature},
	LANGUAGE = {English},
	YEAR = {2005},
	DOI = {10.1016/j.ocemod.2004.08.001},
	PUBLISHER = {Elsevier Sci Ltd},
	JOURNAL = {Ocean Modelling},
	ISSN = {1463-5003},
	VOLUME = {9},
	NUMBER = {4},}
 
@Article{luo2020stair,
AUTHOR = {Luo, Yunan and Guan, Kaiyu and Peng, Jian and Wang, Sibo and Huang, Yizhi},
TITLE = {STAIR 2.0: A Generic and Automatic Algorithm to Fuse Modis, Landsat, and Sentinel-2 to Generate 10 m, Daily, and Cloud-/Gap-Free Surface Reflectance Product},
JOURNAL = {Remote Sensing},
VOLUME = {12},
YEAR = {2020},
NUMBER = {19},
ARTICLE-NUMBER = {3209},
URL = {https://www.mdpi.com/2072-4292/12/19/3209},
ISSN = {2072-4292},
DOI = {10.3390/rs12193209}
}

@book{lovelace2019geocomputation,
  title={{Geocomputation with R}},
  author={Lovelace, R. and Nowosad, J. and Muenchow, J.},
  isbn={9781351396899},
  lccn={2020693327},
  series={Chapman \& Hall/CRC The R Series},
  year={2019},
  publisher={CRC Press}
}

@article{venter2022global,
  title={{Global 10~m Land Use Land Cover Datasets: A Comparison of Dynamic World, World Cover and Esri Land Cover}},
  author={Venter, Zander S and Barton, David N and Chakraborty, Tirthankar and Simensen, Trond and Singh, Geethen},
  journal={Remote Sensing},
  volume={14},
  number={16},
  doi={10.3390/rs14164101},
  pages={4101},
  year={2022},
  publisher={MDPI}
}

@inproceedings{kerchove2021esa,
  title={{ESA WorldCover: Global land cover mapping at 10 m resolution for 2020 based on Sentinel-1 and 2 data}},
  author={{Van De Kerchove}, Ruben and {Zanaga}, Daniele and {Keersmaecker}, Wanda and {Souverijns}, Niels and {Wevers}, Jan and {Brockmann}, Carsten and {Grosu}, Alex and {Paccini}, Audrey and {Cartus}, Oliver and {Santoro}, Maurizio and {Lesiv}, Myroslava and {Georgieva}, Ivelina and {Fritz}, Steffen and {Carter}, Sarah and {Tsendbazar}, Nandin-Erdene and {Li}, Linlin and {Herold}, Martin and {Arino}, Olivier},
  booktitle={AGU Fall Meeting Abstracts},
  volume={2021},
  pages={GC45I--0915},
  year={2021}
}

@article{brown2022dynamic,
  title={Dynamic World, Near real-time global 10~m land use land cover mapping},
  author={Brown, Christopher F and Brumby, Steven P and Guzder-Williams, Brookie and Birch, Tanya and Hyde, Samantha Brooks and Mazzariello, Joseph and Czerwinski, Wanda and Pasquarella, Valerie J and Haertel, Robert and Ilyushchenko, Simon and Schwer, Kurt and Weisse, Mikaela and Stolle, Fred and Hanson, Craig and Guinan, Oliver and Moore, Rebecca and Tait, Alexander M.},
  journal={Scientific Data},
  volume={9},
  number={1},
  pages={1--17},
  doi={10.1038/s41597-022-01307-4},
  year={2022},
  publisher={Nature Publishing Group}
}

@article{wulder2022fifty,
  title={Fifty years of Landsat science and impacts},
  author={Michael A. Wulder and David P. Roy and Volker C. Radeloff and Thomas R. Loveland and Martha C. Anderson and David M. Johnson and Sean Healey and Zhe Zhu and Theodore A. Scambos and Nima Pahlevan and Matthew Hansen and Noel Gorelick and Christopher J. Crawford and Jeffrey G. Masek and Txomin Hermosilla and Joanne C. White and Alan S. Belward and Crystal Schaaf and Curtis E. Woodcock and Justin L. Huntington and Leo Lymburner and Patrick Hostert and Feng Gao and Alexei Lyapustin and Jean-Francois Pekel and Peter Strobl and Bruce D. Cook},
  journal={Remote Sensing of Environment},
  volume={280},
  pages={113195},
  doi={10.1016/j.rse.2022.113195},
  year={2022},
  publisher={Elsevier}
}

@article{zhu2012gnspi,
    title = {A new geostatistical approach for filling gaps in Landsat ETM+ SLC-off images},
    journal = {Remote Sensing of Environment},
    volume = {124},
    pages = {49-60},
    year = {2012},
    issn = {0034-4257},
    doi = {https://doi.org/10.1016/j.rse.2012.04.019},
    url = {https://www.sciencedirect.com/science/article/pii/S0034425712001952},
    author = {Xiaolin Zhu and Desheng Liu and Jin Chen},
    keywords = {Landsat ETM+, SLC-off, Gap filling, Geostatistical, Kriging},
    abstract = {Since the failure of scan-line corrector (SLC) of the Landsat 7 Enhanced Thermal Mapper Plus (ETM+) sensor, a number of methods have been developed to fill the un-scanned gaps in ETM+ images. Unfortunately, the quality of the images filled by most of these existing methods is still not satisfactory, particularly in heterogeneous regions. Recently, a Neighborhood Similar Pixel Interpolator (NSPI) was developed that can accurately fill gaps in SLC-off images even in heterogeneous regions. However, the NSPI method is a type of deterministic interpolation approach that sets its weight parameters empirically and cannot provide statistical uncertainty of prediction. This study proposes a new gap-filling method called Geostatistical Neighborhood Similar Pixel Interpolator (GNSPI) by improving the NSPI method using geostatistical theory. The simulation study shows that: compared with previous geostatistical methods, the image filled by GNSPI has fewer striping effects; compared with NSPI, GNSPI is less empirical in its weight parameters and can provide uncertainty of prediction. More importantly, it can generate more accurate results than NSPI, especially when there is a long time interval between the input auxiliary image and the target SLC-off image.}
    }



% foundational models

@article{jakubik2023foundation,
  title={Foundation models for generalist geospatial artificial intelligence},
  author={Jakubik, Johannes and Roy, Sujit and Phillips, CE and Fraccaro, Paolo and Godwin, Denys and Zadrozny, Bianca and Szwarcman, Daniela and Gomes, Carlos and Nyirjesy, Gabby and Edwards, Blair and others},
  journal={arXiv preprint arXiv:2310.18660},
  year={2023}
}

@inproceedings{francis2024major,
  title={Major TOM: Expandable Datasets for Earth Observation}, 
  author={Alistair Francis and Mikolaj Czerkawski},
  year={2024},
  eprint={2402.12095},
  archivePrefix={arXiv},
  primaryClass={cs.CV}
}

@article{bommasani2021opportunities,
  title={On the opportunities and risks of foundation models},
  author={Bommasani, Rishi and Hudson, Drew A and Adeli, Ehsan and Altman, Russ and Arora, Simran and von Arx, Sydney and Bernstein, Michael S and Bohg, Jeannette and Bosselut, Antoine and Brunskill, Emma and others},
  journal={arXiv preprint arXiv:2108.07258},
  year={2021}
}

@article{moor2023foundation,
  title={Foundation models for generalist medical artificial intelligence},
  author={Moor, Michael and Banerjee, Oishi and Abad, Zahra Shakeri Hossein and Krumholz, Harlan M and Leskovec, Jure and Topol, Eric J and Rajpurkar, Pranav},
  journal={Nature},
  volume={616},
  number={7956},
  pages={259--265},
  year={2023},
  publisher={Nature Publishing Group UK London}
}

@inproceedings{li2023assessment,
  title={Assessment of a new GeoAI foundation model for flood inundation mapping},
  author={Li, Wenwen and Lee, Hyunho and Wang, Sizhe and Hsu, Chia-Yu and Arundel, Samantha T},
  booktitle={Proceedings of the 6th ACM SIGSPATIAL International Workshop on AI for Geographic Knowledge Discovery},
  pages={102--109},
  year={2023}
}

@article{blumenstiel2024multi,
  title={Multi-Spectral Remote Sensing Image Retrieval Using Geospatial Foundation Models},
  author={Blumenstiel, Benedikt and Moor, Viktoria and Kienzler, Romeo and Brunschwiler, Thomas},
  journal={arXiv preprint arXiv:2403.02059},
  year={2024}
}

@article{fibaek2024phileo,
  title={PhilEO Bench: Evaluating Geo-Spatial Foundation Models},
  author={Fibaek, Casper and Camilleri, Luke and Luyts, Andreas and Dionelis, Nikolaos and Saux, Bertrand Le},
  journal={arXiv preprint arXiv:2401.04464},
  year={2024}
}

@article{yusuf2024geospatial,
  title={A Geospatial Approach to Predicting Desert Locust Breeding Grounds in Africa},
  author={Yusuf, Ibrahim Salihu and Yusuf, Mukhtar Opeyemi and Panford-Quainoo, Kobby and Pretorius, Arnu},
  journal={arXiv preprint arXiv:2403.06860},
  year={2024}
}

@inproceedings{ramachandran2023value,
  title={Value of Use Cases in AI: Insights from a Foundation Model Approach},
  author={Ramachandran, Rahul},
  booktitle={5th NOAA AI Workshop},
  year={2023}
}

@inproceedings{ramachandran2023petabytes,
  title={From Petabytes to Insights: Tackling Earth Science's Scaling Problem},
  author={Ramachandran, Rahul},
  booktitle={23rd Meeting of the American Geophysical Union (AGU)},
  year={2023}
}




